3274 5434
631 293 1094 426 -11- ‘

155 536 270 622 scripti
294 537 346 633 sui
369 543 473 623 parte,
504 558 572 622 qua
603 538 783 625 Chrysippi
816 538 1044 604 conclusiones
1075 560 1177 623 supra
1204 537 1319 603 allatas

154 645 287 722 refutat,
319 644 359 709 de
391 645 514 730 ignava
547 646 674 710 ratione
705 667 773 710 non
807 646 918 730 egerit.
967 645 996 710 A
1028 645 1186 710 Cicerone
1218 646 1321 730 igitur

152 751 198 836 ἐξ
223 752 354 816 28-30
378 752 505 816 ratione
529 752 608 817 satis
631 753 851 817 tumultuaria
874 752 937 818 hoc
961 753 1032 818 loco
1062 753 1205 817 insertae
1230 759 1317 817 sunt.

264 892 329 957 Sed
346 893 493 978 primum
510 894 684 978 sequentia
700 893 893 979 diligentius
909 895 1158 979 perlustremua
1172 899 1209 959 ut
1221 895 1320 979 plane

159 1006 274 1084 pateat
304 1021 346 1064 ne
371 1000 472 1066 verbo
506 1000 643 1085 quidem
672 1001 778 1066 redire
809 1001 1001 1066 Ciceronem
1026 1000 1069 1066 ad
1091 1002 1250 1086 ignaram
1274 1023 1320 1066 ra-

153 1107 290 1172 tionem.

262 1267 313 1332 lta
335 1269 438 1353 igitur
472 1271 494 1356 ξ
517 1271 557 1334 31
589 1277 704 1336 contra
727 1270 854 1335 Stoicos
878 1276 1007 1356 pugnat
1030 1270 1238 1336 Carneades:
1265 1270 1320 1348 „si

152 1374 269 1440 omnia
300 1376 409 1442 causis
433 1377 706 1442 antecedentibus
729 1377 824 1455 fiunt,
859 1378 973 1442 omnia
1003 1379 1089 1446 fiunt
1112 1377 1320 1463 colligatione

152 1483 300 1546 naturali
331 1490 363 1547 et
386 1485 591 1550 necessitate.
623 1484 722 1561 Quod
745 1485 868 1550 falsum
892 1491 950 1563 est,
976 1506 1053 1549 curn
1077 1485 1184 1549 multa
1207 1490 1321 1549 nostra

152 1588 326 1654 voluntate
351 1590 421 1655 fieri
451 1598 641 1677 appareat&
688 1592 787 1667 Valet
809 1592 891 1656 haec
924 1592 1091 1657 conclusio
1115 1592 1150 1656 in
1175 1591 1321 1674 Stoicos3

154 1694 297 1759 eandem
322 1696 350 1760 si
374 1697 449 1782 quis
473 1699 573 1763 etiam
596 1700 632 1764 in
656 1720 711 1764 eos
735 1699 882 1784 prolerre
905 1699 985 1765 velit
1011 1699 1236 1784 philosophos,
1262 1697 1321 1782 qui

154 1823 226 1866 non
251 1803 333 1868 serie
357 1825 534 1870 causarum
559 1807 673 1871 omnia
696 1807 765 1890 regi
793 1812 922 1890 putent,
948 1805 1006 1870 sed
1030 1804 1064 1869 id
1088 1803 1321 1870 tantummodo

156 1915 335 1974 autument
357 1912 480 1990 omnia,
505 1935 591 1998 quae
615 1915 706 1991 fiant,
732 1933 772 1978 ex
796 1913 990 1978 aeternitate
1015 1934 1197 1989 assevero,
1223 1918 1317 1977 erret.

156 2014 333 2081 Absonum
357 2019 447 2082 enim
472 2026 520 2084 est
553 2020 721 2105 colligere:
759 2020 808 2098 „si
839 2041 938 2085 omne
965 2021 1117 2084 futurum
1149 2040 1190 2082 ex
1221 2024 1321 2082 aeter·

155 2122 261 2188 nitate
277 2145 395 2188 verum
419 2131 477 2203 est,
502 2127 615 2191 onmia
632 2147 765 2192 necesse
782 2133 831 2192 151
846 2126 1055 2212 colligatione
1080 2125 1234 2202 naturali,
1252 2125 1272 2188 i.
1291 2145 1318 2188 6.

156 2231 225 2294 1116
249 2237 281 2295 11
304 2233 498 2299 necessitate
523 2234 624 2298 fieri‘.
666 2235 868 2320 Magnopere
893 2235 982 2299 enim
1007 2256 1027 2298 a
1050 2233 1175 2318 protasi
1195 2231 1319 2297 Stoica:

158 2336 208 2414 „si
232 2338 346 2402 omnia
369 2340 455 2404 fiunt
478 2341 587 2405 causis
611 2340 905 2406 antecedentibus“
931 2339 1042 2404 differt
1054 2338 1247 2404 Carneadea
1272 2339 1321 2414 „si

155 2464 255 2508 omne
279 2445 432 2510 futurum
456 2469 496 2512 ex
520 2449 713 2513 aeternitate
737 2469 855 2528 verum
872 2453 952 2512 est‘.
985 2447 1102 2532 ltaque
1119 2468 1187 2531 qua
1210 2451 1320 2509 tenen·

154 2556 211 2615 tur
234 2551 334 2617 Stoici
358 2555 570 2620 conclusione
595 2555 677 2620 liber
701 2561 750 2620 est
773 2554 968 2620 Carneades.

263 2711 337 2776 Hoc
361 2713 428 2779 iere
458 2715 557 2780 modo
582 2721 614 2780 et
637 2715 819 2780 sententiae
843 2713 1029 2800 procedunt
1050 2712 1129 2777 inde
1153 2711 1269 2797 a§31
1289 2718 1322 2776 et

155 2837 175 2881 a
200 2816 409 2884 Schmekelio
433 2843 464 2906 p.
493 2823 555 2886 170
578 2829 658 2886 extr.
695 2822 861 2899 „Hieratis
884 2821 967 2905 lolgt
992 2857 1032 2867 -
1056 2818 1195 2884 berdhrt
1218 2818 1319 2883 wird‘

156 2929 189 2988 et
213 2945 244 3008 p.
273 2925 333 2989 171
359 2933 439 2991 extr.
468 2928 675 3006 „Cameades
698 2927 834 2994 beweist
860 2966 897 2974 -
923 2928 1013 2992 ihrer
1037 2927 1190 3011 Gegner“
1215 2925 1260 3011 ἐξ
1277 2927 1318 2989 31

156 3030 253 3096 6132
278 3039 364 3098 recte
388 3035 605 3121 explicantur.
652 3034 701 3101 Ac
724 3035 828 3121 probe
861 3035 915 3100 ille
948 3034 1113 3119 cognovit,
1150 3031 1319 3117 quomodo

156 3136 244 3202 duae
268 3140 506 3221 conclusiones,
539 3165 619 3209 vera
646 3142 826 3208 Carneadis
862 3149 894 3208 et
924 3142 1008 3206 t'alsa
1042 3139 1319 3216 adversariorum,

154 3243 244 3309 inter
275 3269 309 3311 51
333 3249 540 3328 cohaereant,
565 3251 715 3334 mihique
747 3250 912 3335 persuasit
946 3248 1090 3314 voluisse
1127 3246 1319 3311 Ciceronem

156 3351 241 3418 duas
254 3353 520 3421 adversariorum
532 3357 837 3442 argumentationes
851 3357 913 3421 hoc
926 3354 1025 3420 modo
1040 3355 1126 3420 inter
1138 3375 1172 3418 se
1185 3352 1318 3438 opponi.

157 3459 222 3524 Sed
246 3481 354 3524 unum
378 3484 447 3527 non
470 3463 554 3528 vidit
577 3464 629 3528 vir
652 3463 873 3543 doctissimus,
899 3463 990 3548 quod
1006 3462 1110 3529 velim
1134 3459 1321 3526 accuratius

156 3567 311 3631 animum
335 3569 524 3636 advertatis.
572 3571 701 3636 Similia
728 3577 813 3636 certe
848 3577 926 3636 sunt
956 3593 1004 3649 ea,
1041 3591 1126 3655 quae
1159 3568 1245 3654 §31
1271 3588 1318 3650 sq.

161 3673 281 3739 Stoicis
302 3685 519 3761 opponuntur
541 3701 559 3743 a
576 3679 757 3757 Carneade,
782 3679 838 3758 eia,
856 3699 942 3763 quae
966 3677 1095 3742 26-28
1113 3679 1320 3760 exposuerat,

159 3778 203 3846 ut'
222 3782 353 3847 26-28
377 3793 574 3869 argumento
598 3787 666 3851 lere
701 3787 883 3850 concinunt
917 3807 994 3850 cum
1029 3785 1080 3848 24.
1128 3783 1256 3847 Tamen
1284 3786 1322 3844 ut

159 3888 376 3955 26-2811011
399 3893 520 3957 iterant
543 3893 802 3978 disputationem
827 3892 1028 3977 paragraphi
1053 3892 1104 3970 24,
1127 3889 1185 3954 sed
1209 3888 1322 3972 aliqua

159 3999 418 4080 argumentandi
435 4000 581 4065 novitate
598 4023 665 4065 non
682 4006 804 4078 carent,
830 4000 876 4064 ita
891 3999 944 4065 vel
961 4000 1002 4063 31
1013 4000 1093 4062 -32
1110 3994 1320 4062 Carneadeae

158 4103 402 4170 ratiocinationi
430 4128 555 4172 novum
588 4107 734 4172 induunt
766 4107 918 4172 colorem.
973 4107 1108 4171 Novum
1138 4103 1228 4168 enim
1262 4107 1320 4179 est,

158 4210 251 4295 quod
288 4212 322 4276 in
352 4213 404 4278 his
438 4214 656 4299 paragraphis
688 4213 722 4277 id
758 4213 970 4299 potissimum
1005 4219 1109 4297 urget,
1145 4229 1318 4296 perperam

159 4317 287 4384 Stoicos
311 4319 419 4385 dicere
443 4320 661 4387 Academicos
679 4342 791 4386 secum
808 4321 1004 4386 consentire.
1035 4319 1100 4384 Sed
1124 4339 1201 4383 cum
1219 4336 1321 4400 supra

159 4426 338 4513 Chrysippi
362 4427 465 4494 verba
480 4429 673 4494 antecedere
690 4429 841 4506 solerent,
860 4449 945 4512 quae
969 4425 1224 4512 insequentibus
1241 4423 1320 4486 Aca·

160 4533 366 4599 ‹lemicorum
388 4535 685 4621 impugnabantur,
710 4542 823 4601 nostro
846 4535 918 4600 loco
935 4556 986 4599 res
1010 4534 1075 4599 alia
1098 4540 1169 4598 est:
1194 4550 1319 4617 prae-
