3274 5434
777 315 998 382 ...42-

209 515 220 543 ³
309 537 528 602 nequaquam
552 513 857 600 impediatur.
889 513 1007 598 ltaque
1023 533 1066 578 ne
1081 511 1221 577 minime
1238 511 1373 596 quidem
1390 509 1479 575 haec

309 623 400 688 notio
422 623 603 708 opponitur
626 643 648 686 n
665 621 815 687 eceesi
829 627 841 684 t
853 621 935 698 ati,
962 619 1019 685 sed
1032 620 1216 698 sitantum,
1234 618 1324 704 quod
1337 617 1408 683 fieri
1420 618 1480 682 ali-

309 752 377 815 qua
414 751 449 794 re
480 727 683 814 prohibetur,
715 727 736 792 i.
771 749 798 793 e.
829 735 875 819 τῷ
906 725 1071 816 ἀδυνάτῳ.
1132 727 1245 791 Huius
1275 746 1354 791 vero
1394 746 1478 790 cum

310 836 345 902 id
370 837 543 922 proprium
567 836 618 914 sit,
654 840 691 900 ut
716 835 901 900 necessario
925 856 1012 899 non
1046 835 1113 913 fiat,
1139 832 1362 898 differentiam
1386 832 1478 897 inter

310 943 396 1009 duas
441 943 593 1008 notiones
631 943 678 1007 ita
716 942 985 1008 circumscribere
1023 940 1142 1019 licebit,
1183 946 1221 1005 ut
1265 939 1311 1031 τῷ
1349 939 1475 1025 ἐνδεχο-

308 1063 397 1138 μένῳ
421 1050 625 1116 contrarium
649 1056 749 1134 atque
766 1049 958 1135 oppositum
974 1049 1017 1114 sit
1032 1049 1069 1116 τά
1086 1051 1273 1132 ἀναγκαίως
1289 1048 1473 1134 γινόμενον,

309 1165 355 1247 τῷ
379 1159 510 1242 δυνατῷ
533 1163 644 1222 aulem
668 1159 704 1224 τά
729 1160 917 1241 ἀναγκαίως
940 1158 990 1243 μή
1023 1157 1201 1242 γινόμενον.
1247 1154 1365 1240 ltaque
1381 1155 1476 1239 quod

309 1268 346 1334 οὐ
370 1266 513 1333 δυνατόν
548 1271 606 1342 est,
642 1258 809 1332 ἀδύνατον
843 1263 1046 1341 nominatur,
1081 1262 1173 1348 quod
1196 1268 1309 1327 autem
1341 1263 1400 1329 αάκ
1422 1268 1477 1328 est

308 1373 527 1457 ἐνδεχόμενον,
554 1394 621 1436 non
644 1379 692 1462 τῷ
715 1373 878 1462 ἀδυνάτῳ,
904 1369 963 1435 sed
986 1377 1032 1461 τῷ
1055 1363 1226 1461 ἀναγκαίῳ
1249 1375 1473 1455 comparatur.

310 1478 376 1544 Sed
400 1484 438 1543 ut
460 1479 568 1564 magis
592 1501 644 1544 res
676 1479 853 1564 perspicua
876 1478 927 1556 sit,
951 1499 1020 1542 non
1052 1478 1131 1543 satis
1154 1477 1277 1542 habere
1301 1477 1474 1555 debemus

308 1585 445 1651 cuinam
468 1586 596 1651 notioni
613 1590 794 1670 utrumque
817 1585 1008 1670 oppositum
1033 1586 1084 1658 sit,
1109 1584 1387 1662 circumscribere,
1413 1583 1474 1649 sed

308 1692 505 1758 conabimur
528 1692 752 1758 differentiam
775 1713 834 1777 per
857 1693 1069 1777 negationem
1087 1693 1309 1778 explanatam,
1335 1713 1393 1777 per
1416 1713 1475 1778 po-

308 1799 461 1864 sitionem
497 1799 682 1864 accuratius
718 1799 863 1865 definire.
911 1797 1063 1868 Δυνανόν
1097 1799 1198 1885 igitur
1232 1798 1322 1864 idem
1356 1804 1404 1864 est
1426 1804 1474 1864 at-

308 1927 373 1993 que
398 1903 539 1976 δυνατάν
561 1914 730 1987 γενέσθαι,
755 1905 847 1992 quod
871 1906 1003 1972 evenire
1027 1906 1132 1991 possit
1164 1903 1473 1991 (geschehensmdg-

307 2013 398 2100 lich),
422 2013 443 2077 i.
468 2034 494 2078 e.
520 2012 612 2099 quod
635 2012 671 2077 in
694 2033 729 2078 se
752 2013 920 2078 contineat
943 2013 1136 2079 facultatem
1160 2012 1336 2080 eveniendi
1359 2019 1471 2098 atque,

308 2126 345 2184 ut
368 2141 402 2184 re
425 2141 505 2185 vera
527 2120 594 2194 fiat,
619 2119 852 2184 tantummodo
881 2141 920 2185 ea
952 2118 1153 2205 perfectione
1185 2118 1343 2205 indigeat,
1368 2141 1473 2206 quam

308 2229 509 2312 ἐντελέχειαν
540 2226 594 2292 vel
628 2228 794 2315 ἐνέργειαν
827 2225 1019 2291 Aristoteles
1047 2226 1208 2291 nominat.
1265 2224 1311 2293 Τὰ
1346 2228 1471 2313 ἐνδεχό-

307 2360 407 2419 μενον
430 2338 543 2397 autem
567 2333 754 2398 libertatem
777 2333 878 2399 habet
910 2334 947 2397 in
981 2338 1312 2419 utramquepartem
1339 2355 1374 2398 se
1397 2355 1471 2399 con-

307 2440 468 2518 vertendi,
493 2461 581 2519 cum,
606 2440 712 2505 donec
736 2441 892 2518 evenerit,
917 2445 975 2505 aut
998 2440 1044 2504 ita
1067 2440 1137 2505 fieri
1153 2441 1259 2526 possit
1280 2446 1339 2504 aut
1356 2440 1470 2520 aliter;

308 2552 445 2632 urgetur
467 2547 570 2632 igitur
592 2547 628 2611 in
650 2546 714 2612 hac
737 2547 872 2612 notione
896 2569 964 2611 non
987 2547 1034 2611 ita
1057 2547 1197 2612 facultas
1221 2546 1397 2613 eveniendi
1426 2553 1472 2612 at·

310 2674 376 2738 que
399 2653 594 2718 transeundi
618 2675 638 2718 a
661 2659 823 2740 potestate
846 2651 1011 2741 (δύναμις)
1035 2653 1077 2718 ad
1102 2659 1260 2720 eventum
1276 2660 1308 2719 et
1331 2676 1401 2719 rem
1424 2655 1472 2740 ip-

307 2781 378 2825 sam
389 2759 607 2847 (ἒνκελέχεια),
622 2761 778 2846 quamvis
792 2761 874 2825 haec
888 2781 957 2824 non
970 2760 1063 2840 desit,
1079 2761 1138 2826 sed
1150 2761 1247 2847 quasi
1258 2759 1362 2826 libera
1375 2783 1472 2846 quae-

307 2866 385 2946 dam
393 2867 543 2946 facultas,
553 2889 639 2953 quae
653 2867 763 2946 efficit,
772 2873 885 2932 utnon
894 2867 1043 2932 adfinem
1052 2867 1472 2952 certumatquepraedesti-

306 2979 424 3039 natum
438 2995 489 3040 res
502 2974 657 3060 progredi
673 2973 826 3052 debeant,
840 2972 898 3039 sed
910 2974 1021 3040 varias
1033 2974 1157 3038 formas
1170 2974 1319 3060 accipere
1332 2975 1469 3060 possint.

306 3080 418 3166 Atque
442 3080 572 3146 etiamsi
595 3080 686 3146 haud
717 3081 815 3167 pauci
847 3080 937 3167 apud
961 3081 1191 3146 Alexandrum
1223 3103 1358 3167 quoque
1381 3082 1471 3148 inve-

306 3187 700 3360 niuntloci,urqui1bus
734 3188 770 3255 τά
807 3189 1020 3275 ἐνδεχόμενον
1052 3196 1110 3254 aut
1097 3188 1329 3254 ttconfunda
1315 3195 1370 3254 tur
1392 3209 1471 3254 cum

306 3296 435 3387 δυνατῷ
457 3294 644 3382 (Quaestl
667 3297 698 3374 4,
722 3319 753 3382 p.
772 3297 872 3376 9,34;
902 3298 980 3374 10,1
965 3300 1074 3382 lsq.;
1099 3296 1180 3360 118
1204 3319 1236 3381 p
1254 3296 1307 3373 30
1317 3296 1359 3360 25
1384 3295 1470 3410 sqq.)

306 3409 364 3468 aut
351 3364 543 3468 tadhibeat
530 3410 585 3468 tur
617 3425 683 3574 proI
700 3403 836 3469 notione
860 3402 931 3473 οἷόν
954 3432 989 3471 τε
1013 3410 1113 3489 atque
1144 3403 1368 3488 coniungatur
1391 3423 1469 3468 cum

305 3509 470 3576 infinitivo
496 3508 683 3596 (Quaestl
708 3512 759 3589 23,
784 3533 815 3595 p.
843 3511 895 3590 36,
909 3512 964 3589 19,
989 3510 1075 3588 ΙΙ4,
1100 3533 1132 3595 p.
1157 3510 1271 3588 61,14;
1297 3509 1347 3574 De
1371 3508 1467 3586 aul,

305 3639 337 3702 p
363 3617 414 3695 21,
421 3617 477 3695 12,
502 3617 554 3694 46,
561 3618 675 3681 161
623 3638 659 3682 ce
661 3616 705 3704 1,)
734 3617 931 3702 plerumque
967 3623 1081 3682 tamen
1116 3615 1313 3702 significatio
1344 3615 1467 3683 liberae

305 3722 394 3788 illius
417 3723 585 3789 facultatis
607 3729 664 3792 τοῦ
687 3726 900 3810 ἐνδεχομένου
924 3724 998 3790 voci
1023 3723 1187 3790 adhaeret.
