3274 5434
782 335 1003 399 ..23-

418 529 491 594 Iam
508 552 587 597 vero
604 538 793 617 postquam,
819 553 905 616 quae
922 530 1110 596 Carneades
1134 530 1252 596 Stoicis
1276 528 1479 615 obloquitur,

313 638 595 716 enumeravimus
632 639 792 723 sequitur,
826 646 863 703 ut
898 639 938 704 de
971 639 1017 704 eis
1042 639 1261 724 disputemua
1285 636 1409 724 quibus
1432 637 1479 701 illi

225 745 229 750 '
313 745 511 810 sententiam
537 767 634 810 suam
662 785 697 793 -
724 747 760 813 τό
786 748 928 814 δυνατόν
951 767 1019 809 non
1043 746 1113 810 tolli
1142 745 1184 810 ab
1220 746 1283 823 eis,
1320 745 1378 829 qui
1411 745 1480 809 fato

312 851 426 916 omnia
448 852 519 916 fieri
543 859 662 938 putent
686 891 726 899 -
752 859 866 918 contra
889 852 1096 918 adversarios
1120 851 1309 918 defendant.

419 994 531 1080 Atque
554 994 645 1081 apud
662 995 855 1061 Ciceronem
879 995 1016 1081 quidem
1040 1018 1146 1060 unum
1171 1003 1220 1062 est
1243 1003 1480 1081 argumentum

313 1122 439 1179 eorum,
475 1102 598 1187 quibus
634 1103 842 1188 Chrysippus
876 1104 912 1171 τὸ
949 1103 1095 1172 δυνατὸν
1130 1102 1342 1182 defendebat,
1378 1102 1480 1188 idque

313 1208 409 1273 valde
434 1210 622 1289 mirificum,
648 1232 718 1295 cap.
744 1210 836 1275 VIII.

421 1371 507 1436 Sunt
530 1377 643 1438 autem
667 1372 769 1438 verba
793 1373 961 1438 Ciceronis
985 1373 1084 1438 haec:
1112 1373 1208 1452 „Hoc
1231 1374 1302 1439 1000
1327 1374 1480 1459 Chrysip·

313 1500 377 1563 pus
401 1485 557 1544 aestuans
580 1480 649 1544 10111
674 1486 785 1565 sperat
801 1479 985 1544 Chaldaeos
1008 1486 1200 1566 ceterosque
1216 1480 1348 1546 divinos
1372 1503 1481 1566 neque

311 1608 366 1651 eos
393 1608 512 1651 usuros
539 1608 609 1652 esse
633 1586 936 1665 coniunctionibus,
961 1594 998 1652 ut
1020 1588 1068 1652 ita
1100 1609 1161 1652 sua
1196 1594 1372 1673 praecepta
1409 1610 1481 1672 pro-

311 1694 484 1758 nuntient:
511 1747 529 1772 „
545 1693 601 1772 „Si
626 1697 702 1779 quis
738 1699 911 1759 natusest
942 1695 1067 1759 oriente
1092 1694 1261 1773 Canicula,
1286 1695 1314 1760 is
1337 1696 1373 1759 in
1396 1696 1481 1760 mari

313 1823 379 1866 non
405 1802 596 1879 morietur,“
612 1809 629 1834 “
656 1800 713 1866 scd
738 1801 849 1886 potius
873 1802 919 1866 ita
943 1801 1074 1866 dicant:
1100 1802 1231 1880 „„Non
1255 1808 1287 1867 ct
1310 1808 1409 1868 natus
1432 1809 1482 1868 est

312 1909 388 1993 quis
412 1930 457 1973 or.
483 1908 563 1973 Can.
590 1915 622 1973 et
645 1909 673 1972 is
697 1909 732 1973 in
756 1909 840 1973 mari
864 1909 1086 1974 1001101110.ιιίι
1101 1961 1106 1972 .
1123 1961 1151 1974 ..
1180 1908 1345 1993 (Postulat
1356 1909 1480 1995 igitur),

314 2022 352 2080 ut
375 2015 569 2100 negationes
593 2016 801 2080 infinitarum
826 2016 1101 2080 coniunctionum
1134 2017 1245 2101 potius
1278 2038 1382 2100 quam
1411 2017 1480 2081 infi-

312 2122 383 2186 nita
418 2144 545 2187 conexa
581 2128 740 2208 ponant.“
767 2162 808 2170 ·-
833 2121 954 2207 Agitur
989 2123 1042 2187 his
1076 2122 1187 2189 verbis
1226 2122 1267 2188 de
1300 2125 1480 2190 enuntiatis

310 2229 459 2308 infinitis
485 2229 555 2295 scil.
581 2229 704 2315 quibus
728 2252 795 2295 non
821 2229 974 2296 decerto
999 2229 1146 2316 quodam
1181 2230 1317 2295 homine
1352 2231 1405 2297 vel
1441 2231 1480 2297 de

311 2343 399 2400 certa
423 2359 458 2401 re
483 2336 696 2422 disceptatur,
722 2336 781 2402 sed
804 2358 891 2422 quae
914 2338 1100 2422 generatim
1124 2344 1224 2423 atque
1248 2339 1402 2404 universe
1437 2339 1481 2404 di·

313 2450 444 2545 cuptur,
470 2445 510 2508 ci.
536 2443 660 2521 Prantl,
687 2443 805 2508 Gesch.
841 2443 900 2508 der
923 2444 1030 2528 Logik
1053 2444 1070 2507 I
1093 2466 1124 2528 p.
1150 2443 1225 2522 444,
1260 2445 1319 2529 qui
1354 2452 1480 2511 senten·

271 2635 274 2640 .
309 2550 431 2616 tiarum
467 2551 676 2616 infinitarum
709 2552 902 2637 exemplum
935 2553 1047 2617 affert:
1085 2565 1132 2632 τὶς
1155 2554 1304 2637 κάθηται
1329 2552 1357 2638 (e
1382 2553 1480 2619 Sexto

309 2657 384 2723 adv.
410 2658 513 2723 Math.
539 2659 621 2725 VIII
638 2659 701 2746 96).

418 2819 598 2884 Monentur
632 2820 734 2905 igitur
758 2820 868 2897 StoIci,
906 2827 943 2885 ut
978 2842 1038 2906 pro
1075 2820 1214 2885 infinitis
1247 2822 1407 2887 connexis
1441 2821 1480 2907 (si

256 2949 260 2958 ’
309 2926 461 3010 quis...)
486 2933 613 3012 ponant
636 2928 831 3012 negationes
854 2928 1062 2992 infinitarum
1090 2928 1364 2993 coniunctionum
1389 2929 1477 3014 (Non

309 3038 408 3097 01...
429 3033 479 3120 et).
521 3032 710 3098 Adhibetur
732 3041 855 3112 autem,
881 3035 946 3099 nisi
968 3034 1074 3112 fallor,
1100 3034 1220 3100 vocula
1245 3035 1477 3112 „coniunctio“

309 3141 344 3204 iu
369 3140 431 3205 hoc
456 3141 628 3206 enuntiato
655 3163 755 3206 sensu
779 3141 853 3220 alio,
890 3163 993 3227 quam
1029 3142 1070 3206 ab
1100 3141 1172 3226 ipso
1197 3141 1355 3206 Cicerone
1378 3143 1478 3228 paulo

309 3254 409 3312 antea
434 3255 634 3333 usurpatum
661 3254 718 3313 est.
778 3249 865 3313 Nam
900 3249 935 3312 in
973 3249 1083 3314 verbis
1120 3255 1471 3334 „quaero—ponant

310 3355 542 3433 „coniunctio“
578 3355 668 3419 idem
703 3363 752 3421 est
782 3356 873 3441 quod
897 3356 987 3442 apud
1013 3357 1197 3441 Diogenem
1220 3357 1391 3421 Laertium
1414 3356 1479 3420 VII

307 3462 329 3547 ξ
372 3463 412 3526 72
462 3461 563 3526 Stoici
607 3467 899 3549 συμπεπλεγμένον
943 3471 1076 3529 vocant:
1113 3467 1405 3549 συμπεπλεγμένον
1443 3465 1483 3530 δέ

310 3572 397 3637 ἔστιν
421 3572 562 3654 ἀξίωμα,
589 3570 607 3638 δ
629 3566 697 3638 δπό
726 3596 825 3638 τινων
860 3573 1109 3657 συμπλεκτικῶν
1144 3572 1329 3655 συνδέσμων
1363 3582 1480 3656 συμπέ·

309 3681 459 3749 πλεκται,
498 3677 565 3744 οἷον
601 3685 665 3744 Καὶ
700 3681 804 3766 ἡμέρα
842 3679 929 3746 ε’στὶν
964 3690 1020 3745 καὶ
1054 3680 1121 3765 (μοῖς
1156 3680 1254 3746 ἐστιν.
1306 3677 1346 3741 In
1369 3677 1480 3742 verbis

310 3789 433 3862 autem,
458 3805 543 3869 quae
567 3785 787 3869 praecedunt:
815 3807 945 3871 „neque
963 3807 1017 3851 eos
1042 3807 1160 3851 usuros
1186 3807 1257 3851 csse
1273 3785 1478 3850 coniunc-

308 3890 527 3955 tionibus“
552 3891 631 3962 huic
654 3892 728 3957 voci
761 3892 960 3977 significatio
991 3894 1051 3960 τοῦ
1088 3896 1376 3977 συμπεπλεγμένου
1410 3914 1478 3957 non

309 3998 486 4078 adhaeret3
524 4021 602 4063 nam
639 3999 728 4084 quod
764 3999 915 4084 sequitur
949 4001 996 4078 „si
1033 4001 1108 4086 quis
1197 4001 1244 4064 is.
1262 4053 1267 4064 .
1285 4007 1313 4063 .“
1338 4021 1405 4064 non
1430 4004 1479 4064 est

308 4105 561 4170 coniunctio
585 4105 704 4170 artiore
728 4106 784 4171 illo
808 4129 918 4186 sensu,
944 4107 1001 4171 scd
1025 4129 1263 4173 connexum
1287 4107 1338 4174 vel
1364 4127 1478 4193 συνημ-

307 4224 416 4295 μένον.
465 4213 512 4277 Cf.
551 4213 647 4298 Diog.
687 4213 751 4279 VII
784 4213 890 4299 §th
927 4225 1132 4302 συνημμένον
1165 4227 1227 4300 μέν
1261 4217 1358 4293 έστιν,
1395 4217 1478 4294 01ςὸ

311 4322 507 4410 Χρύσιππος
531 4320 565 4389 ἓν
589 4340 660 4396 ταῖς
684 4324 901 4401 διαλεκτικοῖς
925 4346 999 4407 φησι
1027 4335 1081 4389 καὶ
1104 4328 1254 4410 Διογένης
1283 4324 1319 4389 έν
1343 4331 1383 4422 τῇ
1412 4325 1478 4388 δια-

307 4431 435 4528 λεκτικῇ
451 4440 555 4527 τέχνῃ,
572 4430 608 4496 τδ
626 4431 776 4508 συνεστὸς
793 4431 850 4497 διολ
868 4437 926 4498 τοῦ
947 4434 990 4493 Εἰ
1008 4430 1213 4498 συναπτικοῦ
1229 4431 1416 4516 συνδέσμου.
1436 4468 1475 4477 -

307 4537 424 4622 itaque
448 4536 605 4602 hocloco
630 4537 819 4602 coniunctio
843 4543 901 4601 aut
925 4537 1014 4602 idem
1039 4538 1127 4603 valet
1151 4544 1250 4623 atque
1275 4549 1478 4626 συνημμένον
