3274 5434
656 322 877 386 ..39-.

180 515 319 580 nionem
352 516 490 582 Diodori
514 515 564 603 (cf.
596 539 697 601 supra
725 539 755 602 p.
782 516 851 603 25):
877 538 932 583 ees
956 539 1016 595 ree,
1043 538 1130 603 quae
1158 539 1226 582 uon
1255 517 1346 592 fient,

183 644 231 699 e0‚
257 622 348 707 quod
371 625 575 689 contrarium
589 624 729 702 eveniat,
754 623 936 709 quominus
960 625 1043 689 fiant
1065 623 1242 709 impeditas
1266 644 1346 700 esse,

182 728 241 794 sed
271 751 361 795 nunc
393 730 529 815 quidem
560 730 595 796 id
627 736 723 817 putat
745 731 816 795 fieri
848 752 954 816 posse,
979 731 1070 816 quod
1102 752 1161 816 per
1192 736 1347 794 naturam

184 857 279 900 suum
304 859 372 902 non
401 837 617 922 prohibeatur
649 859 719 904 esse
743 837 797 903 vel
819 839 972 902 futurum
996 858 1076 903 esse.
1124 837 1236 922 Atque
1260 836 1347 900 haue

183 943 383 1008 sententiam
411 945 487 1028 quis
516 966 584 1010 non
608 943 699 1010 videt
727 944 865 1030 propius
894 943 1009 1010 abesse
1045 944 1207 1008 aStoieie
1243 965 1346 1028 quern

182 1049 388 1115 aDiodoroP
414 1051 549 1116 Retinet
571 1052 673 1136 igitur
688 1052 862 1137 vulgarem
888 1047 1088 1116 demptione
1113 1053 1257 1119 δυνατοῦ
1279 1049 1346 1135 opi-

178 1156 324 1235 nionem,
338 1179 425 1243 quae
437 1180 506 1223 non
523 1158 659 1244 flagitat,
677 1164 722 1237 ut,
741 1157 833 1243 quud
848 1157 919 1222 fieri
939 1159 1051 1243 pessit,
1069 1179 1201 1242 semper
1217 1179 1251 1222 re
1268 1178 1347 1223 vera

178 1263 244 1328 fiat.
275 1264 351 1340 Qua
373 1265 409 1328 in
426 1287 460 1330 re
484 1266 658 1342 eonsent't
676 1270 713 1329 ut
728 1287 789 1350 par
813 1271 871 1342 est,
888 1286 966 1329 eum
982 1265 1141 1348 magistro
1160 1263 1343 1340 Aristotele,

180 1369 239 1454 qui
264 1370 340 1435 Met.
369 1376 397 1438 Θ
420 1375 440 1435 3
466 1394 495 1456 p.
525 1373 606 1437 1047
632 1394 652 1436 a
676 1373 718 1435 24
741 1373 777 1440 τό
803 1373 946 1440 δυνατόν
969 1371 1015 1436 ita
1040 1371 1251 1456 explanavit:
1277 1369 1342 1438 ἔστι

180 1479 216 1544 δὲ
240 1478 384 1546 δυνατόν
407 1479 512 1553 τοῦτο,
538 1474 564 1570 ᾦ
587 1480 649 1547 ἐᾶν
672 1478 839 1576 ὑπάρξῃὴ
864 1479 1020 1568 ἐνέργεια,
1046 1503 1082 1543 ου
1109 1481 1237 1560 λέγεται
1262 1476 1346 1562 ἔχειν

181 1584 242 1669 τήν
265 1585 418 1672 δύναμιν,
445 1586 549 1655 οὐθὲν
573 1585 663 1653 ἔσται
694 1587 869 1655 ἀδύνατον.
