3274 5434
627 397 846 462 -31-

155 589 258 656 dendi
282 613 404 678 genere
435 595 622 678 exponitur.
671 596 784 661 Cicero
809 594 900 659 enirn
935 600 1114 679 postquam
1149 616 1323 680 argumen-

153 703 246 763 tum:
275 699 330 778 „si
353 700 500 786 legatum
526 708 576 766 est
605 709 792 787 argentum,
816 701 926 786 legata
949 708 998 766 est
1028 707 1204 766 numerata
1226 723 1323 787 pecu·

152 805 233 870 nia“
257 807 293 871 in
316 806 404 873 hanc
427 809 571 873 formam
595 809 779 873 transtulit:
804 807 904 886 „Non
921 813 952 872 et
973 807 1122 892 legatum
1145 814 1323 894 argentum

153 919 205 977 est
229 920 260 978 et
284 936 353 979 non
378 922 427 980 est
450 915 559 1002 legate
582 921 758 980 numerata
791 914 944 1000 pecunia,
970 913 1011 977 de
1035 914 1097 978 hac
1121 915 1227 980 forma
1252 939 1322 981 mu-

152 1026 234 1099 tata,
259 1043 361 1107 quam
386 1023 521 1088 tertium
557 1023 780 1089 conclusionis
803 1020 943 1086 modum
967 1011 1122 1106 appellat,
1154 1023 1200 1087 ita
1224 1022 1322 1089 disse·

152 1127 214 1192 rit:
242 1149 340 1206 „cum
373 1135 486 1194 autem
522 1130 635 1215 aliqua
669 1129 848 1194 coniuncta
870 1127 933 1213 (et.
952 1181 976 1192 ..
994 1127 1036 1215 et)
1059 1130 1191 1214 negaris
1216 1136 1247 1194 et
1270 1130 1322 1194 his

153 1235 222 1299 alia
245 1235 378 1319 negatio
414 1257 529 1300 rursus
553 1237 747 1322 adiungitur
772 1242 868 1301 etex
892 1235 944 1300 his
968 1235 1116 1320 primum
1140 1238 1322 1322 sumpseris

152 1342 261 1424 (‚,non
292 1348 324 1406 ct
346 1343 495 1427 legatum
511 1350 560 1408 est
583 1343 803 1430 argentum‘),
828 1350 866 1407 ut
882 1342 971 1427 quod
994 1343 1195 1428 relinquitur
1210 1344 1322 1408 tollen-

154 1448 238 1513 dum
265 1451 350 1514 sit..
369 1459 396 1512 .“
421 1449 505 1537 (turn
529 1451 619 1515 enim
651 1472 736 1515 non
766 1449 895 1528 accidit,
920 1456 958 1514 ut
981 1471 1050 1514 non
1073 1449 1181 1534 legata
1205 1451 1247 1515 sit
1270 1473 1322 1536 pe-

154 1556 258 1621 cunie
281 1556 478 1644 numerata).

264 1663 367 1728 Plane
402 1664 517 1730 eodem
542 1663 652 1743 modo,
687 1670 800 1728 nostra
834 1664 942 1728 iorrna
965 1685 984 1728 a
1008 1663 1167 1749 Diogene
1192 1665 1323 1730 Laertio

155 1771 274 1836 tertius
297 1771 519 1837 conclusionis
543 1771 663 1836 modus
693 1776 832 1837 vocatur
863 1770 916 1836 vel
941 1764 1128 1858 α’ποφατικὴ
1154 1775 1322 1861 σομπλοκη

154 1879 209 1966 (ci.
243 1878 308 1943 Cic.
334 1879 384 1943 De
417 1880 485 1945 into
521 1883 540 1960 ξ
567 1879 627 1943 15:
665 1877 818 1962 „negotio
854 1878 1175 1964 coniunctionum‘).
1222 1879 1323 1945 Stoici

155 1985 249 2051 enim
281 1985 552 2071 Theophrastum
588 1985 692 2050 secuti
727 1985 878 2069 quinque
912 1985 1165 2050 conclusionum
1201 2008 1324 2071 genera

158 2092 374 2177 distinguunt
403 2092 455 2179 (ci.
481 2092 689 2157 Prantelium
713 2094 733 2157 l.
759 2113 785 2157 c.
811 2093 882 2178 lp.
907 2093 971 2157 473
1007 2100 1039 2158 et
1062 2095 1149 2182 387),
1179 2115 1322 2179 quorum

155 2199 293 2264 tertium
317 2200 504 2286 Chrysippo
540 2200 797 2266 usitatissimum
829 2221 850 2265 a
872 2201 1022 2285 Diogene
1046 2201 1112 2267 Vll
1136 2202 1179 2266 80
1201 2202 1247 2266 ita
1271 2201 1322 2267 de-

155 2307 293 2371 finitur:
329 2319 433 2398 τρίτος
463 2310 501 2375 ‘lt‘
521 2311 610 2376 ἐστιν
634 2303 874 2389 α’ναπόδεικτος
909 2310 927 2374 ὅ
952 2311 993 2375 δι’
1018 2309 1226 2397 οἷποωατικῆς
1250 2331 1324 2396 συμ-

156 2417 279 2499 πλοκῆς
309 2426 364 2480 κοιῐ
390 2416 463 2494 ἑνός
495 2423 561 2483 τοῖν
591 2417 628 2483 ἐν
662 2422 702 2514 τῇ
737 2419 905 2514 συμπλοκῇ
939 2417 1100 2505 ἐπιφέρων
1125 2417 1161 2482 ro*
1188 2418 1323 2484 α’ντικεί-

156 2548 259 2607 μενον
293 2526 352 2590 τοῦ
389 2525 514 2597 Zomeri}
540 2523 608 2590 οἷον
633 2543 638 2554 ·
665 2524 737 2608 ον’χῐ
766 2531 905 2607 τέθνηκε
929 2521 1072 2589 Πλάτων
1095 2534 1150 2589 καὶ
1175 2528 1213 2622 ζῇ
1236 2522 1323 2590 Πλά-

157 2656 224 2696 των
250 2649 255 2660 ’
281 2630 368 2696 α’λλοὶ
392 2630 458 2716 μήν
490 2637 629 2716 τέθνηκε
655 2633 715 2695 Πλ.
743 2652 747 2663 ’
774 2626 830 2698 οὖν
854 2625 919 2718 ἄρα
945 2634 984 2728 ζῇ
1007 2633 1094 2695 Πλ..
1141 2629 1191 2694 Ac
1225 2630 1324 2694 simil·

158 2734 238 2799 lime
275 2733 395 2800 Sextus
419 2736 610 2820 Empiricus
643 2735 771 2821 (pyrrh.
810 2736 888 2822 hyp.
914 2736 946 2800 ll
973 2737 1033 2801 157
1060 2758 1119 2821 sq.³
1145 2738 1185 2800 cl.
1210 2737 1326 2801 Prantl

158 2864 191 2927 p.
217 2842 281 2906 473
306 2843 382 2908 adn.
411 2843 493 2930 182).
542 2843 665 2908 Forma
687 2843 789 2928 igitur
821 2850 951 2908 mutata
986 2843 1069 2908 nihil
1093 2850 1143 2909 est
1165 2845 1230 2907 nisi
1255 2866 1325 2929 pro·

159 2950 280 3034 positio
304 2951 391 3016 tertii
414 2951 506 3016 modi
529 2951 809 3037 syllogismorum,
841 2958 879 3016 ut
901 2953 1010 3016 torma
1032 2952 1156 3017 usitata
1179 2950 1240 3038 („si
1263 2951 1325 3016 hoc

158 3056 206 3134 fit,
231 3057 313 3122 illud
337 3057 407 3144 fir‘)
431 3058 531 3144 primi
555 3058 646 3122 modi
670 3059 853 3144 propositio
877 3065 934 3124 est.

268 3182 333 3247 Sed
356 3185 458 3249 etium
484 3184 576 3262 haec,
612 3205 715 3268 quam
740 3184 853 3249 Cicero
889 3191 921 3250 et
944 3185 1111 3269 Diogenes
1147 3183 1324 3249 nobiscum

160 3291 421 3369 communicant,
447 3291 585 3356 scientia
609 3313 669 3356 nos
698 3313 767 3356 non
791 3293 954 3377 provehit,
990 3313 1067 3357 oum
1091 3291 1175 3356 nihil
1199 3290 1325 3368 doceat,

163 3396 228 3460 nisi
255 3396 437 3482 quodiam
461 3420 562 3482 supra
586 3396 632 3483 (p.
659 3399 713 3486 29)
750 3399 938 3476 statuimus,
963 3400 1071 3464 forma
1105 3397 1327 3463 conclusionis

161 3510 292 3568 mutata
315 3504 356 3570 de
392 3527 492 3570 sensu
527 3526 569 3570 ne
592 3505 774 3570 minimum
805 3505 941 3591 quidem
966 3506 1098 3570 mutari.
1146 3505 1233 3569 Nam
1257 3505 1327 3570 sive

160 3611 249 3676 tertii
284 3612 353 3678 sive
386 3612 486 3697 primi
521 3611 611 3677 modi
649 3613 830 3698 propositio
866 3613 1050 3700 syllogismi
1074 3618 1132 3690 est,
1157 3612 1325 3676 conclusio

161 3718 304 3783 efficitur
327 3740 459 3805 semper
481 3719 608 3784 eadem.

162 3825 433 3911 Propositio
466 3826 633 3890 maior:
670 3827 746 3891 Non
771 3833 803 3891 et
826 3826 950 3892 Fabius
974 3850 1020 3893 or.
1046 3827 1081 3892 C.
1106 3833 1206 3892 natus
1231 3830 1328 3890 estet

268 3933 304 3998 in
327 3934 412 3999 mari
436 3935 604 4000 morietur.

162 4039 436 4126 Propositio
468 4043 635 4108 minor:
670 4043 715 4107 At
738 4047 837 4106 natus
861 4048 910 4106 est
933 4041 1057 4107 Fabius
1081 4063 1126 4108 or.
1153 4041 1187 4106 C.

162 4147 424 4214 Conclusio.
456 4150 546 4235 Ergo
570 4150 605 4214 in
630 4150 715 4215 mari
739 4170 808 4214 non
832 4149 993 4214 morietur
1018 4171 1073 4227 -3
1099 4147 1133 4211 id
1158 4148 1259 4231 igitur
1283 4170 1327 4213 se-

272 4256 396 4342 quitur,
421 4257 511 4342 quod
536 4257 755 4346 elfigieudum
779 4263 857 4321 erat.

269 4380 399 4446 Deinde
422 4383 499 4446 nolo
515 4382 676 4467 Diogenis
693 4382 816 4447 Laertii
833 4381 940 4446 locum
959 4386 1076 4458 tacere,
1102 4401 1169 4465 quo
1186 4381 1326 4444 fortasse

162 4488 270 4572 magis
293 4488 476 4574 impeditur
499 4490 660 4574 quaestio,
685 4489 717 4554 in
744 4511 812 4575 qua
835 4510 1016 4555 versamur.
1063 4488 1122 4552 llle
1147 4487 1238 4551 euim
1262 4486 1327 4552 Vll

162 4595 250 4681 §65
290 4617 331 4662 ex
355 4597 543 4684 Chrysippo
578 4597 697 4662 refert:
735 4595 866 4684 α’ξίωμοὶ
898 4598 984 4666 ἔοιιν
1008 4597 1026 4664 ὃ
1049 4595 1134 4664 ἔοτιν
1158 4589 1328 4685 diasat*
