3274 5434
660 327 881 394 ..23-

181 545 257 610 que
292 526 441 592 valentes
475 532 507 590 et
541 525 709 603 imbecilli,
743 547 812 591 non
845 525 997 611 sequitur
1027 531 1151 601 tamen,
1185 530 1223 589 ut
1256 524 1357 588 etiam

180 632 305 697 sedere
330 654 385 698 eos
409 632 636 698 obambulare
660 639 692 698 et
721 654 793 698 rem
816 655 914 718 agere
937 632 1087 717 aliquam
1114 630 1356 716 principalibus

181 740 299 805 causis
323 739 497 805 definitum
530 747 561 805 et
585 740 803 806 constitutum
833 740 906 805 sit.“
955 738 1053 816 Quod
1078 739 1136 824 qui
1160 738 1240 823 legit
1264 736 1356 802 dubi-

186 854 262 912 tare
285 848 411 932 nequit,
443 847 527 932 quin
551 847 652 912 Stoici
676 847 930 925 affirmaverint
953 845 1121 930 siquidem
1144 845 1273 910 indoles
1301 845 1356 908 ho-

186 955 323 1019 minum
337 976 357 1018 a
369 961 490 1020 natura
501 955 565 1020 loci
577 954 718 1040 aliisque
731 955 840 1019 causis
853 953 1071 1029 naturalibus
1091 958 1129 1017 ut
1142 951 1357 1017 collocatione

189 1061 350 1140 siderum,
368 1060 521 1146 pendeat,
539 1062 640 1126 etiam
650 1061 797 1126 actiones
811 1083 852 1126 ex
868 1060 979 1125 indole
996 1059 1217 1125 consectarias
1234 1057 1357 1123 talibus

187 1168 300 1234 causis
324 1169 403 1253 regi.

300 1276 417 1360 ltaque
451 1276 497 1340 ita
529 1274 679 1360 procedit
709 1273 877 1339 Ciceronis
910 1274 979 1341 sive
1012 1272 1210 1338 Clitomachi
1243 1278 1358 1336 contra

193 1382 322 1446 Stoicos
356 1381 533 1468 expositio:
571 1381 804 1466 contagionem
839 1402 909 1445 esse
933 1378 1094 1457 concedit,
1133 1379 1174 1444 ad
1211 1378 1358 1443 actiones

190 1489 276 1553 nihil
300 1490 409 1554 valere
433 1490 579 1554 affirmat
603 1494 622 1570 ξ
647 1489 749 1567 7-8;
776 1487 1005 1573 obloquuntur
1029 1486 1150 1565 Stoioi;
1179 1485 1358 1571 respondet

192 1596 308 1661 Cicero
332 1597 395 1662 hac
412 1597 539 1662 ratione
563 1596 703 1661 liberam
718 1595 926 1661 voluntatem
949 1593 1020 1659 tolli
1043 1591 1111 1680 (§9
1137 1593 1239 1671 „haec
1259 1591 1357 1657 disse-

189 1725 268 1768 rens
293 1743 332 1752 -
357 1703 536 1792 haberet‘).
573 1703 701 1768 Deinde
725 1703 847 1767 iterum
870 1701 1010 1766 molesta
1033 1699 1233 1767 verbositate
1258 1706 1358 1784 negat

190 1810 339 1876 actiones
363 1833 383 1875 a
416 1817 535 1875 natura
559 1809 623 1875 loci
646 1808 791 1896 pendere
821 1811 946 1894 (‚,nunc
969 1830 1048 1874 vero
1072 1846 1115 1854 —
1138 1806 1358 1872 const'tutum

190 1916 275 2003 sit“).
324 1918 478 2003 Denique
503 1925 521 1999 ξ
550 1919 589 1981 10
613 1938 730 1982 causas
754 1915 855 1995 addit,
881 1915 948 1980 scil.
976 1913 1134 2000 Stilponis
1159 1919 1191 1978 et
1215 1912 1358 1978 Socratis

191 2026 355 2111 exempla,
381 2025 440 2111 qui
464 2025 650 2090 docuerunt
672 2030 811 2088 naturae
832 2022 978 2088 indolem
1003 2043 1100 2108 posse
1124 2020 1264 2099 muteri;
1290 2040 1359 2105 qua

191 2153 227 2196 re
259 2133 477 2211 voluntatem,
512 2153 590 2197 cum
623 2130 769 2195 indolem
801 2130 934 2196 vincere
968 2136 1001 2194 et
1032 2128 1114 2194 vitia
1146 2126 1357 2192 naturalibus

190 2238 300 2303 causis
329 2246 409 2304 nata
444 2239 627 2324 exstirpare
660 2237 774 2323 possit,
804 2259 872 2302 non
904 2236 1088 2302 subiectam
1121 2256 1192 2300 esse
1218 2241 1362 2299 naturae

192 2345 256 2410 loci
280 2346 333 2412 vel
355 2346 428 2412 eliis
453 2345 617 2411 eiusmodi
642 2345 759 2410 causis.
