3274 5434
625 421 844 487 -35..

150 624 217 703 μὲν
243 619 425 702 α’ναγκαῐον
442 611 558 695 aldrov,
584 619 619 684 vd
645 620 681 686 δὲ
705 619 741 694 ἐξ
765 618 909 705 α’νάγκης
924 616 1115 704 γιγνόμενον
1138 623 1193 688 ὑπ’
1218 618 1320 687 αὐτοῦ

149 727 213 794 τοῦ
241 733 397 808 γίνεσθαι
426 733 571 793 τοιοῦτον
606 727 692 792 εἶναι
727 725 915 800 κεκώλυται,
952 721 1024 793 οὔτε
1048 723 1084 793 ed
1119 729 1249 812 ἀξίωμα
1282 724 1317 793 ed

148 839 246 900 τοῦτο
279 835 374 916 λέγον
407 825 600 915 α’ναγκαϊιν,
631 839 664 900 εἴ
682 861 718 916 γε
739 834 784 918 μή
809 831 845 900 τό
870 835 927 901 ὐπ’
953 835 1054 902 αὐτοῦ
1078 835 1320 920 σημαινόμενον

152 946 314 1008 τοιοῦτον.
362 938 522 1004 Concedit
545 940 608 1006 hcc
632 941 704 1006 loco
729 939 846 1004 Stoicis
870 939 1070 1019 Alexander,
1088 941 1116 1005 si
1140 940 1320 1026 distingue-

152 1067 190 1110 re
226 1047 349 1112 vellent
382 1047 469 1112 inter
505 1048 712 1126 „necessaria
744 1054 910 1126 aeterna,“
946 1048 966 1112 i.
992 1070 1018 1113 e.
1057 1069 1105 1126 ea,
1141 1067 1227 1132 quae
1251 1068 1319 1110 non

151 1159 381 1238 procreantur,
407 1152 465 1218 sed
487 1175 529 1220 ex
552 1155 745 1220 aeternitate
769 1160 857 1232 sunt,
882 1161 914 1220 et
935 1176 983 1234 ea,
1002 1177 1088 1241 quae
1104 1154 1164 1219 lati
1183 1153 1320 1218 necessi-

152 1258 273 1324 tudine
309 1260 564 1346 gignantur
599 1283 705 1346 eoque
740 1283 808 1325 non
832 1261 899 1326 sint
923 1267 1079 1340 „aeterna
1101 1260 1318 1332 necessaria,“

150 1372 392 1450 argumentum
415 1367 591 1432 axiomatis
614 1366 703 1432 illius
728 1389 748 1432 a
771 1367 890 1433 Stoicis
913 1368 1139 1433 necessarium
1163 1367 1229 1432 dici
1252 1388 1320 1430 non

151 1473 285 1538 debere.
333 1474 485 1560 Itemque
520 1474 672 1540 concedit
702 1475 767 1539 illis
798 1475 911 1560 ipsum
946 1475 1168 1552 enuntiatum,
1193 1474 1229 1538 in
1253 1493 1320 1558 quo

150 1581 365 1646 contineatur
388 1581 452 1646 tale
476 1588 723 1667 argumentum,
748 1603 817 1647 non
841 1603 912 1648 esse
935 1582 1170 1647 necessarium.

264 1723 376 1808 Atque
399 1723 509 1788 adhuc
533 1723 672 1810 quidem
695 1723 748 1811 (ad
771 1747 802 1790 v.
831 1724 882 1812 19)
906 1724 1020 1790 omnia
1048 1725 1143 1790 facile
1167 1723 1320 1809 perspici-

155 1838 276 1910 untur;
302 1831 360 1896 sed
385 1852 471 1915 quae
505 1837 701 1917 sequuntur,
739 1831 924 1897 offensione
947 1853 1015 1896 non
1040 1837 1162 1896 carent.
1209 1830 1322 1914 Pergit

153 1931 246 2002 enirn
270 1937 460 2003 Alexander
484 1937 525 2025 (v.
555 1940 623 2027 lat:
649 1942 685 2008 οὐ
709 1938 771 2024 γάρ
796 1947 867 2007 πᾶν
891 1941 1033 2022 ἀξίωμα,
1058 1940 1095 2007 ἐν
1118 1928 1146 2026 ᾧ
1167 1939 1202 2004 τὰ
1223 1941 1321 2020 οἰναγ-

155 2063 252 2112 καῑιν
275 2057 470 2137 περιέχεται,
503 2049 685 2129 αναγκαῖον
714 2046 776 2134 ἤδη
802 2047 821 2129 l
845 2049 933 2127 εἴγε
955 2043 1020 2132 μήν
1039 2067 1044 2078 ·
1062 2048 1098 2114 οὐ
1130 2043 1195 2135 γαρ
1217 2043 1320 2142 ταύτη

154 2153 193 2218 τό
219 2153 402 2234 α’ναγκαῐον
426 2152 559 2239 ἀξίωμα
591 2167 745 2243 κρίνεται,
777 2147 862 2219 a’ltot
885 2160 934 2244 aqi
956 2153 999 2240 μη“
1023 2164 1246 2238 μεταπίπτειν
1269 2153 1321 2220 (111-

155 2266 286 2328 vacam
310 2267 354 2340 εἰς
377 2263 501 2353 ψεῦδος
525 2260 562 2338 ἔξ
592 2263 749 2348 ἀληθοῦς,
773 2260 796 2323 1.
822 2281 848 2324 e.
874 2280 916 2324 ne
942 2259 1034 2324 omni
1058 2258 1196 2344 quidem
1220 2279 1321 2323 enun-

155 2364 247 2444 tiato,
284 2366 379 2431 cuius
415 2371 652 2450 argumentum
679 2387 713 2430 re
745 2387 825 2432 vera
858 2366 1084 2430 necessarium
1108 2366 1159 2443 sit,
1185 2365 1322 2429 necessi-

154 2478 259 2537 tatem
286 2472 423 2538 attribui
446 2494 561 2560 posse3
586 2494 695 2558 neque
719 2473 810 2538 enim
834 2493 875 2538 ex
898 2479 1095 2557 argumento
1120 2471 1161 2536 de
1183 2471 1322 2536 necessi-

155 2585 223 2644 tate
253 2580 428 2645 axiomatis
453 2581 504 2663 (τό
537 2583 719 2664 αναγκαῖον
743 2582 890 2666 α’ξίαιμα)
925 2579 1101 2644 cuiusdam
1136 2579 1320 2655 diiudicari,

157 2685 215 2751 sed
250 2686 395 2772 pendere
431 2709 506 2752 eam
542 2708 654 2766 exce,
680 2686 771 2772 quod
805 2687 919 2772 ipsum
953 2686 1081 2751 dictum
1111 2691 1257 2771 nequeat
1281 2707 1321 2750 cx

156 2793 295 2858 veroin
326 2794 448 2859 falsum
480 2794 614 2858 mutari.
663 2793 850 2858 Offendunt
883 2794 974 2872 haec,
1000 2793 1028 2858 si
1061 2793 1250 2878 putandum
1273 2798 1323 2856 est

157 2903 339 2984 αναγκαῖον
362 2901 487 2987 ubique
522 2899 640 2966 eodem
677 2921 777 2966 sensu
801 2906 1002 2986 usurpatum
1026 2921 1107 2978 esse,
1132 2921 1199 2985 quo
1222 2921 1254 2965 v.
1283 2901 1322 2963 16

158 3003 429 3096 (scil.=a’raov).
477 3008 565 3072 Nam
588 3007 811 3086 enuntiatum,
837 3006 928 3093 quod
952 3008 1016 3072 talc
1040 3010 1226 3091 α’ναγκαῒον
1249 3027 1322 3070 con-

158 3113 251 3193 tinet,
275 3114 407 3180 videtur
430 3137 499 3180 non
514 3116 628 3180 minus
646 3137 716 3180 esse
733 3115 968 3194 necessarium,
987 3136 1090 3201 quarn
1113 3113 1206 3192 illud,
1232 3111 1323 3198 quod

159 3241 278 3288 evero
302 3222 337 3286 in
372 3223 495 3288 falsum
529 3223 652 3288 mutari
687 3229 848 3307 nequeat;
885 3243 965 3287 narn
988 3243 1075 3306 quae
1098 3221 1323 3286 necessarium

149 3330 371 3414 amplectitur
394 3331 589 3409 enuntiati0,
614 3330 754 3396 minime
778 3330 960 3395 insalsum
976 3329 1124 3396 vertitur.
1173 3328 1248 3403 Quo
1273 3348 1323 3392 ac-

159 3436 255 3516 cedit,
280 3436 371 3522 quod
394 3437 585 3501 Alexander
607 3438 679 3523 ipse
695 3436 911 3503 antecedente
928 3436 1101 3502 enuntiato
1123 3441 1236 3519 aperte
1252 3456 1323 3519 pro-

159 3543 271 3608 fitetur
305 3545 453 3622 effatum,
491 3544 586 3609 cuius
621 3545 786 3609 sententia
818 3544 1005 3609 necessaria
1040 3543 1091 3622 sit,
1116 3543 1226 3628 ipsum
1253 3562 1324 3606 esse

160 3651 385 3715 necessarium
396 3654 437 3732 (v.
451 3651 488 3714 17
500 3654 606 3737 sqq.):
625 3649 703 3718 οὔτε
720 3653 756 3718 τὸ
770 3651 900 3737 ἀξίωμα
913 3653 950 3719 τὸ
962 3655 1058 3720 τοῦτο
1070 3653 1125 3730 (sc.
1136 3647 1172 3716 τό
1182 3651 1218 3726 ἐξ
1226 3642 1324 3732 dady-

160 3785 215 3847 κης
237 3757 419 3845 γινόμενον)
454 3761 547 3842 λέγον
583 3758 780 3839 α’ναγκαῖον,
804 3765 909 3839 εἴγε
930 3754 986 3844 μη
1011 3756 1055 3824 co*
1081 3760 1156 3826 ὑπ’
1182 3759 1324 3824 αὐτοῦ

161 3866 497 3952 σημαινόμενον
529 3873 746 3933 τοιοῦτον.
795 3864 907 3940 Quare
930 3861 1063 3929 videtur
1086 3863 1269 3946 αναγκαῖον
1292 3884 1322 3928 v.

161 3973 204 4037 20
228 3972 399 4036 communi
423 3993 523 4038 sensu
547 3971 675 4037 dictum
699 3993 779 4036 esse.
827 3969 927 4047 Quod
940 3970 1122 4055 quominus
1139 3969 1324 4048 credamne,

160 4077 245 4143 nihil
268 4077 351 4142 mihi
374 4078 504 4144 obstare
527 4078 675 4158 videtum
702 4099 781 4143 nam
814 4077 886 4144 sine
910 4075 1013 4141 dubio
1036 4076 1072 4140 in
1092 4075 1203 4142 verbis
1227 4076 1324 4158 οἰναν-

161 4197 258 4253 καῖον
270 4184 330 4272 ἤδη
347 4185 580 4251 tantummodo
597 4185 637 4251 de
655 4187 776 4251 usitato
787 4185 925 4252 voculae
936 4205 1037 4249 sensu
1054 4183 1191 4268 cogitari
1207 4187 1324 4267 potest.

160 4293 279 4378 Itaque
289 4291 478 4357 Alexander
486 4292 564 4357 inde
573 4315 592 4358 a
602 4315 633 4359 v.
646 4292 775 4357 l9nihil
783 4291 989 4357 aliuddicere
1000 4288 1141 4367 videtur,
1152 4289 1214 4353 nisi
1221 4294 1326 4352 totam

162 4400 324 4464 rationem
337 4398 533 4476 Stoicorum,
547 4399 606 4484 qui
623 4420 664 4463 ex
680 4406 877 4483 argumento
890 4397 931 4462 de
943 4395 1138 4461 necessitate
1150 4395 1326 4460 axiomatis

161 4507 318 4584 iudicent,
332 4527 468 4592 prorsus
484 4505 603 4570 falsam
619 4526 690 4569 esse
706 4511 806 4588 atque
822 4504 876 4571 vel
892 4511 974 4581 tum,
994 4524 1071 4567 cum
1088 4507 1326 4586 argumentum

161 4614 386 4682 necessarium
399 4613 456 4694 sit;
469 4614 573 4678 imino
581 4612 647 4676 alia
658 4611 791 4677 viaesse
799 4609 1057 4696 procedendum.
1075 4608 1145 4752 {lic
1155 4609 1326 4692 igiturexi-
