3274 5434
719 393 988 484 ,““2“”

313 591 436 676 spruch
468 591 559 656 wahr
582 589 661 656 oder
691 589 796 656 falech
821 589 867 654 sci
903 589 973 654 und
1008 589 1185 674 berichtigt
1208 588 1260 654 die
1284 587 1403 654 darauf
1425 610 1477 674 ge-

313 704 456 763 sttitzten
481 697 714 783 Folgerungcn
749 696 787 784 (c.
815 695 1139 783 10,20-1‘2,28m.).
1194 697 1294 762 Diese
1320 696 1476 761 Berichti-

315 827 409 891 gung
431 805 522 890 giebt
545 804 797 890 Veranlassung
832 826 873 868 zu
908 803 967 868 der
990 803 1363 888 Auseinandersctzung
1393 802 1476 867 tiber

313 912 378 977 den
395 933 462 996 sog.
482 911 580 998 α’ργὸς
603 909 703 996 λόγος,
730 912 765 976 in
782 911 922 976 welcher
944 911 1072 996 gezeigt
1090 910 1181 989 wird,
1206 910 1282 975 dass
1299 909 1352 974 die
1369 910 1476 974 Lehre

315 1019 499 1104 Chrysipps
540 1025 622 1084 trotz
659 1019 766 1084 seinos
801 1017 1077 1104 Widerspruches
1112 1017 1194 1082 eben
1231 1017 1345 1082 diesen
1380 1017 1478 1106 αἷργὸς

316 1127 410 1209 λόγος
446 1147 504 1190 zur
527 1125 629 1210 Folgc
665 1124 751 1189 habe
786 1129 826 1203 (c,
854 1122 1115 1210 lats-1638).
1162 1124 1215 1189 lm
1242 1124 1362 1189 letzten
1386 1123 1476 1188 Teile

314 1232 351 1318 (o.
380 1233 475 1311 1739
499 1233 546 1320 ff.)
569 1231 651 1297 wird
674 1231 733 1296 der
755 1231 995 1318 Widerspruch
1019 1231 1182 1296 zwischen
1206 1231 1264 1296 der
1280 1231 1384 1296 Ethik
1407 1231 1478 1294 und

313 1339 390 1404 dem
413 1339 534 1404 Fatum
559 1339 774 1404 entwickelt.«
802 1338 936 1404 --haec
958 1339 1012 1404 ille
1036 1339 1206 1424 praelatus
1230 1339 1377 1424 primum
1402 1359 1476 1402 earn

313 1453 453 1531 partem,
471 1467 557 1532 quae
573 1445 691 1531 incipit
707 1467 727 1510 a
743 1467 768 1510 c.
790 1446 839 1524 10,
860 1445 1070 1530 Cameadeae
1088 1467 1158 1511 esse
1175 1445 1313 1531 originis
1331 1445 1476 1530 exponit.

422 1590 533 1655 Etiam
568 1589 665 1654 nobis
698 1589 847 1674 primum
882 1595 1036 1674 apertum
1060 1589 1121 1654 erit
1143 1589 1231 1654 hanc
1254 1593 1384 1674 partem
1407 1589 1478 1654 veri

315 1697 422 1762 simile
447 1718 517 1762 esse
552 1697 589 1762 in
612 1696 809 1762 Clitomachi
823 1693 846 1783 1)
881 1717 1015 1782 quoque
1051 1695 1238 1782 scriptione,
1264 1717 1305 1761 ex
1328 1717 1396 1781 qua
1419 1716 1480 1760 sua

314 1804 427 1868 hausit
451 1803 574 1882 Cicero,
599 1804 701 1868 luisse
725 1803 879 1889 priorem.
927 1803 1028 1868 lllum
1051 1805 1152 1882 enim,
1189 1803 1269 1888 quia
1292 1803 1328 1867 id
1352 1803 1479 1889 potissi-

313 1932 407 1975 mum
433 1911 508 1996 egit,
533 1917 571 1975 ut
587 1911 814 1996 Chrysippum
831 1911 1002 1989 refelleret,
1028 1916 1290 1976 consentaneum
1316 1915 1365 1975 est
1378 1910 1480 1995 Chry-

314 2018 401 2103 sippi
425 2018 614 2103 argumenti
650 2017 902 2103 dispositionem
940 2023 1093 2082 secutum
1116 2037 1196 2082 esse.
1244 2017 1343 2082 Hanc
1367 2023 1479 2081 autem

314 2131 443 2210 partem
476 2125 576 2189 etiam
610 2125 646 2188 in
671 2124 849 2210 Chrysippi
885 2123 978 2203 libre,
1015 2125 1074 2210 qui
1108 2136 1183 2214 περὶ
1207 2131 1403 2212 εἱμαρμένης
1432 2123 1479 2188 in·

314 2231 456 2317 scriptus
491 2237 570 2309 erat,
606 2231 823 2316 praecessisse
858 2231 1006 2316 primurn
1041 2253 1101 2317 per
1132 2252 1167 2296 se
1201 2231 1271 2297 veri
1299 2231 1396 2297 valde
1431 2235 1481 2296 cst

314 2339 430 2404 simile.
488 2338 711 2403 Proficiscitur
741 2338 831 2403 enim
865 2337 995 2404 Stoicus
1025 2339 1121 2402 initio
1153 2338 1272 2423 capitis
1295 2337 1337 2402 X.
1369 2338 1411 2403 ab
1442 2358 1481 2402 ea

315 2445 488 2524 sententia,
524 2466 610 2530 quae
651 2446 747 2531 quasi
782 2445 986 2532 principium
1029 2451 1080 2510 est
1111 2444 1379 2530 argumentandi,
1413 2465 1481 2531 qua

315 2558 456 2617 utuntur
490 2551 590 2616 Stoici
629 2552 672 2616 ad
711 2551 944 2617 stabiliendam
989 2553 1182 2618 universam
1223 2552 1263 2617 de
1302 2554 1370 2617 lato
1409 2551 1480 2616 doc-

310 2647 457 2724 trinam:
486 2679 604 2724 »omne
629 2661 758 2745 ἀξίωμα
783 2664 842 2724 aut
864 2680 982 2725 verum
1006 2680 1077 2724 esse
1101 2666 1159 2724 aut
1182 2659 1335 2724 falsum«
1386 2660 1480 2736 Quae

317 2772 429 2830 autern
453 2787 473 2829 a
496 2766 603 2850 capite
621 2771 740 2850 quarto
764 2786 871 2850 usque
895 2766 939 2830 ad
961 2787 1090 2831 nonum
1113 2771 1307 2844 tractantur,
1332 2765 1482 2830 doctrina

317 2872 358 2938 de
394 2872 599 2938 divinatione
624 2871 719 2937 etde
744 2894 792 2952 co,
829 2871 921 2957 quod
954 2873 1025 2937 fieri
1049 2879 1166 2959 potest,
1199 2875 1296 2958 quasi
1319 2872 1482 2938 accedunt

318 2979 361 3045 ad
384 2979 604 3065 principalem
634 2979 727 3044 illam
750 2979 991 3065 quaestionem,
1026 3001 1130 3066 quam
1164 2981 1350 3046 accuratius
1386 3000 1482 3065 expo·

318 3087 405 3154 liunt
427 3093 460 3152 et
494 3093 610 3152 contra
644 3086 851 3152 adversarios
885 3087 979 3152 vario
1011 3087 1111 3152 modo
1147 3108 1221 3152 eam
1244 3087 1483 3173 impugnantes

319 3193 512 3259 defendunt.
561 3192 691 3258 Deinde
707 3194 923 3258 confirmatur
946 3193 1147 3280 Diogeniani
1172 3194 1368 3279 fragmentis
1392 3193 1483 3279 apud

320 3301 505 3366 Eusebium
529 3301 668 3367 servatis
693 3299 745 3388 (cl.
771 3300 908 3379 Gercke,
926 3300 1143 3387 Chrysippea,
1169 3301 1188 3366 l.
1207 3322 1234 3366 c.
1260 3323 1290 3385 p.
1318 3301 1381 3365 748
1398 3299 1481 3386 sqq).

320 3408 410 3473 Dicit
426 3409 516 3473 enim
533 3409 763 3494 Diogenianus
779 3408 874 3473 initio
891 3409 1070 3494 fragmenti
1086 3408 1187 3494 primi
1203 3407 1246 3494 (p.
1265 3409 1362 3487 7482
1376 3407 1461 3494 sqq).
1475 3429 1481 3474 :

322 3505 423 3590 Οὗτος
441 3513 663 3605 (Χρύσιππος)
680 3517 743 3605 γολρ
759 3518 796 3585 ἐν
818 3522 867 3606 uqi
895 3518 1013 3607 πρώτῳ
1032 3519 1117 3602 ‘71te
1141 3515 1349 3605 ελμαρμένης’
1364 3516 1484 3605 βιβλίῳ

317 3620 514 3709 βουλόμενος
547 3625 712 3692 δεικνύναι
741 3625 779 3691 τὸ
814 3625 852 3710 δή
882 3625 991 3692 πάνθ’
1025 3622 1084 3691 ὑπ’
1118 3625 1264 3709 ἀνάγκης
1287 3634 1342 3690 καὶ
1365 3630 1422 3710 τῆς
1444 3627 1483 3688 ελ-

317 3739 487 3818 γιαρμένης
511 3733 734 3816 κατειλῆφθαι
753 3782 864 3796 .....
911 3731 985 3795 Hoc
1008 3732 1120 3816 ipsum
1138 3735 1196 3808 est,
1221 3728 1313 3814 quod
1336 3735 1374 3793 ut
1397 3749 1483 3793 com-

325 3835 444 3921 probet
465 3835 672 3922 Chrysippus
696 3858 716 3901 a
739 3837 846 3922 capite
870 3837 999 3902 decimo
1016 3836 1233 3901 Ciceroniano
1257 3857 1393 3922 operam
1417 3834 1482 3900 dat.

320 3943 421 4008 initio
445 3949 557 4008 autem
581 3943 760 4028 fragmenti
784 3944 871 4009 tertii
888 3943 978 4008 idem
994 3943 1224 4028 Diogenianus
1247 3943 1310 4008 hoc
1334 3942 1483 4009 exhibet:

319 4052 354 4118 ἓν
377 4058 426 4140 τῷ
449 4055 586 4142 δευτέρῳ
611 4052 755 4142 (βιβλίῳ)
780 4053 869 4121 λύειν
884 4058 1040 4141 πειρᾶται
1056 4053 1098 4118 τά
1116 4045 1312 4120 ἆκολουθεῐν
1329 4053 1485 4119 δοκοῦντα

321 4156 432 4226 ἄτοπα
446 4162 493 4249 τῷ
510 4156 593 4250 λόγῳ
610 4155 735 4226 ‘noim
752 4156 1041 4247 κατηναγκάσθαί
1057 4162 1181 4242 λέγοντι
1199 4208 1309 4222 .....
1335 4163 1368 4222 et
1390 4156 1485 4222 initio

428 4513 447 4582 ¹)
464 4513 567 4569 Notum
587 4514 657 4569 enim
676 4522 718 4570 est
736 4513 824 4583 ipsum
844 4515 1009 4570 Carneadem
1033 4512 1103 4568 nihil
1127 4512 1264 4582 scripsisse
1283 4513 1394 4581 eiusque
1412 4528 1487 4581 prac-

321 4610 399 4673 cepta
419 4621 436 4658 a
455 4604 622 4660 Clitomacho
641 4604 714 4660 edita
733 4620 798 4659 csse.
