3274 5434
779 373 998 440 ..54-

311 570 422 656 paullo
446 577 521 658 post
546 570 763 656 sequentibus
787 571 907 650 (licam,
936 593 1022 657 quae
1052 572 1210 656 leguntur
1232 571 1268 636 in
1291 569 1478 637 codicibus:

312 700 442 763 „neque
478 679 568 743 enirn
597 679 804 764 Chrysippus
835 679 1020 744 concedens
1051 679 1259 744 adsensionis
1287 679 1479 764 proximam

312 792 343 850 et
367 786 594 851 continentem
618 806 754 850 causam
785 807 855 850 esse
886 786 920 849 iu
945 786 1016 852 viso
1048 787 1191 872 positam
1224 807 1369 871 neque
1402 807 1479 850 eam

315 914 449 957 causam
487 915 557 958 esse
592 892 635 958 ad
662 892 919 957 adsentiendum
954 893 1173 958 necessariam
1211 893 1370 957 concedet
1393 899 1477 956 ...“.

314 999 465 1064 Alterum
489 1005 602 1064 autem
626 1008 778 1085 „neque“
797 1001 864 1065 iam
881 1022 901 1064 a
917 1000 1081 1065 Lambino
1106 1006 1138 1065 et
1152 999 1351 1085 Turnebo‚¹)
1376 1001 1480 1084 „quia

311 1128 442 1184 seusus,
468 1108 527 1192 qui
550 1106 643 1171 libris
667 1107 824 1172 omnibus
848 1108 957 1193 potior
980 1108 1031 1186 sit,
1057 1129 1173 1174 vocem
1198 1129 1266 1170 non
1289 1106 1477 1186 admittat“,

311 1213 453 1278 eiectum
477 1221 535 1293 est,
568 1221 668 1300 atquc
692 1215 818 1299 optimo
842 1215 924 1292 iure,
950 1223 987 1279 ut
1010 1214 1093 1278 mihi
1117 1213 1258 1278 videtur.
1306 1214 1394 1277 Nam
1417 1215 1480 1298 qui

310 1321 479 1405 flagitatur
503 1343 620 1386 sensus
644 1344 664 1386 a
688 1321 857 1407 Madvigio
880 1321 1083 1386 Lambinum
1101 1327 1214 1385 secuto
1238 1327 1325 1386 recte
1349 1321 1395 1385 ita
1418 1322 1479 1385 cir-

311 1427 562 1492 cumscribitur:
588 1428 817 1514 „Chrysippus
841 1428 992 1493 concedit
1012 1428 1046 1492 iu
1071 1428 1142 1494 viso
1160 1449 1230 1492 esse
1243 1427 1392 1512 aliquam
1403 1450 1481 1492 cau·

310 1556 391 1612 sam,
404 1556 472 1599 non
486 1556 565 1600 vero
580 1556 650 1598 esse
663 1535 883 1600 necessariam
896 1535 939 1600 ad
949 1534 1200 1600 assentiendum
1210 1561 1217 1614 3
1229 1556 1251 1598 n
1262 1556 1281 1598 o
1291 1557 1313 1598 n
1325 1535 1481 1600 concedit

310 1641 424 1704 omnia
460 1641 568 1705 causis
601 1641 670 1705 fieri
709 1640 982 1706 antecedentibus
1018 1647 1050 1705 et
1083 1641 1311 1705 necessariis‘.
1365 1642 1479 1717 Quam

309 1748 508 1812 sententiam
532 1769 598 1833 qua
623 1747 664 1812 de
689 1769 789 1812 causa
813 1747 940 1813 Geroke
964 1771 994 1834 p.
1022 1749 1086 1812 704
1109 1747 1253 1812 affirmet
1275 1770 1353 1813 cuin
1375 1749 1480 1834 Chry-

309 1854 404 1939 sippo
429 1855 606 1920 convenire
632 1860 668 1919 ut
691 1875 871 1940 cumaqua
885 1856 1009 1939 ignem,
1034 1854 1190 1940 equidem
1215 1877 1282 1919 non
1300 1856 1478 1940 perspicio.

310 1961 440 2025 Verum
464 1969 513 2026 est
536 1968 643 2026 totum
668 1961 780 2026 locum
803 1983 823 2026 a
845 1961 926 2048 §41
952 1960 995 2026 ad
1018 1963 1061 2027 45
1085 1962 1177 2026 haud
1201 1983 1275 2026 raro
1292 1969 1407 2027 eontra
1431 1985 1479 2028 re-

311 2067 438 2152 liquam
451 2067 638 2132 Stoicorum
663 2067 848 2133 doctrinam
873 2090 1042 2156 pugnare3
1067 2069 1125 2133 sed
1148 2091 1216 2133 non
1240 2069 1344 2146 aliter,
1371 2092 1478 2154 quam

309 2173 410 2239 Stoici
424 2197 537 2239 secum
554 2181 716 2259 pugnant,
742 2175 799 2240 ubi
815 2177 923 2240 iatum
947 2175 1178 2241 demonstrant
1194 2182 1226 2240 et
1241 2175 1299 2240 ubi
1322 2176 1367 2254 id,
1385 2178 1478 2262 quod

308 2281 378 2345 lieri
413 2289 529 2366 potest,
564 2303 695 2348 servare
728 2283 872 2347 student.
920 2283 994 2347 Non
1019 2283 1144 2347 mirum
1175 2290 1224 2348 est
1248 2283 1392 2354 eosdem.
1419 2284 1480 2349 ubi

309 2387 349 2452 de
373 2395 508 2453 aeterna
542 2410 719 2454 causarum
736 2391 819 2454 serie
843 2389 1025 2474 disputant,
1051 2390 1151 2454 aliam
1176 2389 1320 2474 speeiem
1336 2389 1479 2455 iuduere

308 2502 408 2580 atque
439 2496 497 2560 ubi
527 2496 666 2560 liberam
690 2497 898 2562 voluntatem
934 2498 1018 2561 tueri
1042 2505 1214 2562 conantur.
1264 2497 1340 2572 Qua
1363 2519 1397 2561 re
1428 2498 1480 2562 nil

307 2601 425 2679 obstat,
452 2603 634 2687 quominus
658 2603 710 2668 his
734 2603 871 2688 quidem
898 2605 1125 2690 paragraphis,
1150 2604 1208 2668 ubi
1225 2603 1369 2668 liberum
1392 2603 1478 2669 arbi-

307 2710 410 2774 trium
424 2710 485 2775 sibi
501 2710 650 2776 vindicat
663 2711 880 2796 Chrysippus
896 2712 1009 2776 Cicero
1022 2711 1115 2776 illum
1129 2733 1252 2796 negare
1265 2710 1346 2776 dicit
1358 2732 1479 2776 causas

305 2817 504 2883 adiuvantes
528 2818 632 2883 ullam
656 2819 887 2884 necessitatem
912 2841 1025 2884 secum
1049 2818 1179 2884 ducere.

413 2925 582 2989 Construit
597 2932 709 2990 autern
734 2926 871 3004 Gercke,
897 2927 954 3010 qui
980 2934 1016 2990 ut
1039 2927 1110 2991 loco
1134 2925 1234 2990 modo
1259 2947 1279 2989 a
1303 2924 1398 2990 nobis
1423 2948 1477 2990 ex·

307 3031 444 3115 planato
468 3028 519 3116 (ci.
546 3054 576 3116 p.
605 3032 659 3118 53)
684 3032 730 3096 ita
753 3032 807 3095 hic
832 3054 966 3117 quoque
991 3032 1120 3098 codices
1138 3033 1298 3117 sequitur,
1324 3033 1476 3098 enuntia-

304 3144 375 3201 tum
389 3137 444 3214 ita,
463 3144 500 3202 ut
512 3138 705 3202 Ciceronem
716 3159 755 3202 ea
768 3138 900 3203 dicendi
924 3140 1032 3204 torma
1048 3162 1147 3204 usum
1173 3161 1243 3204 esse
1274 3139 1407 3216 iudicet,
1433 3139 1476 3203 de

304 3266 372 3329 qua
395 3267 497 3330 supra
521 3269 551 3330 p.
578 3247 619 3310 28
658 3268 729 3331 sqq.
756 3246 863 3310 insius
888 3249 949 3332 egi,
976 3247 1032 3311 ubi
1058 3270 1134 3332 pro:
1162 3247 1210 3324 „si
1227 3247 1289 3310 hoc
1307 3253 1365 3322 est,
1390 3247 1476 3311 illud

304 3375 439 3438 quoque
472 3360 541 3418 est‘
578 3355 729 3439 ponitur:
768 3376 856 3433 „non
893 3363 924 3420 et
955 3356 1018 3420 hoc
1054 3364 1102 3420 est
1138 3361 1170 3419 et
1192 3353 1274 3419 illud
1299 3376 1366 3418 non
1391 3360 1473 3418 est.“

304 3460 458 3525 Eandem
481 3461 583 3546 igitur
607 3468 719 3525 nostro
743 3462 814 3527 loco
839 3463 981 3527 formam
1007 3463 1194 3527 adhibitam
1218 3483 1288 3526 esse
1313 3467 1403 3526 ratus
1427 3467 1474 3525 to-

303 3574 374 3630 tum
400 3569 612 3632 enuntiatum
642 3590 759 3653 graece
790 3569 836 3634 ita
865 3570 1122 3636 circumscribit:
1162 3570 1282 3659 „Xpr'm
1301 3561 1357 3637 οὖν
1371 3572 1475 3651 λέγων

305 3669 414 3753 ‚,‚,orix
439 3679 547 3744 αἴτιον
571 3686 631 3763 μὲν
655 3680 839 3745 συνεκτικόν
862 3707 895 3744 aa
926 3691 981 3745 καὶ
1013 3679 1165 3766 συνὲργόν
1188 3680 1224 3743 ἐν
1248 3681 1288 3774 τῇ
1304 3687 1472 3765 φαντασίᾳ

303 3785 472 3873 ὑπάρχειν,
499 3785 570 3869 crixi
595 3784 631 3850 dd
655 3794 711 3850 καὶ
735 3787 916 3868 ἀναγκαῖον
939 3784 1027 3852 εἶναι
1052 3793 1143 3853 τοῦτο
1168 3785 1249 3869 πρὸς
1281 3807 1473 3866 συγκατατι-

303 3897 423 3957 θέναιι*
438 3898 455 3922 “
480 3894 565 3972 λέγει
581 3943 586 3954 .
603 3943 608 3954 .
625 3939 642 3969 .,
666 3891 685 3954 i.
713 3913 738 3956 e.
765 3891 973 3976 Chrysippus
991 3891 1170 3968 contendit,
1189 3891 1216 3955 si
1234 3890 1341 3975 posita
1364 3889 1406 3952 sit
1436 3890 1474 3953 in

302 3997 373 4060 viso
398 4019 508 4075 causa,
534 4019 607 4061 eam
632 3999 853 4062 necessariam
879 4007 981 4064 esse.“
1030 3998 1092 4063 Sed
1112 3998 1211 4083 plane
1229 4004 1315 4061 errat
1331 3996 1383 4060 vir
1398 3995 1474 4060 doo-

302 4104 459 4168 tissimus
520 4105 672 4168 Primum
697 4105 786 4170 enim
820 4106 902 4170 haec
934 4107 961 4170 si
986 4106 1145 4171 voluisset
1180 4105 1294 4170 Cicero
1330 4102 1475 4168 debebat

301 4211 437 4275 initium
461 4211 562 4275 huius
587 4213 752 4277 enuntiati
775 4213 822 4277 ita
845 4214 1008 4278 fonnare:
1036 4213 1265 4298 „Chrysippus
1282 4210 1372 4275 enim
1396 4231 1473 4276 con-

411 4495 429 4566 ¹)
450 4513 524 4564 quos,
543 4503 684 4564 postquam
705 4497 836 4551 editiones
855 4497 994 4552 Orelliana
1013 4498 1099 4551 altera
1125 4505 1152 4550 et
1175 4495 1375 4550 Tauclmitiana
1394 4511 1473 4550 vocu-

301 4586 355 4640 lam
366 4585 463 4640 iterum
477 4586 655 4656 inseruemnt‚
671 4602 742 4640 nunc
755 4601 847 4641 rursus
860 4586 983 4654 sequitur
999 4586 1028 4640 Ο.
1042 4585 1073 4641 F.
1085 4585 1129 4639 W.
1141 4585 1257 4638 Mueller
1270 4585 1299 4638 in
1312 4584 1353 4638 ed.
1367 4584 1473 4644 Teubn.
