<?xml version="1.0" encoding="UTF-8"?>
<!DOCTYPE html PUBLIC "-//W3C//DTD XHTML 1.0 Transitional//EN"
    "http://www.w3.org/TR/xhtml1/DTD/xhtml1-transitional.dtd">
<html xmlns="http://www.w3.org/1999/xhtml" xml:lang="en" lang="en">
 <head>
  <title>
</title>
<meta http-equiv="Content-Type" content="text/html;charset=utf-8" />
  <meta name='ocr-system' content='tesseract 3.04.00' />
  <meta name='ocr-capabilities' content='ocr_page ocr_carea ocr_par ocr_line ocrx_word'/>
</head>
<body>
  <div class='ocr_page' id='page_1' title='image "adciceronisdefa00stgoog_0054.png"; bbox 0 0 3274 5434; ppageno 0'>
   <div class='ocr_carea' id='block_1_1' title="bbox 629 369 849 433">
    <p class='ocr_par' dir='ltr' id='par_1_1' title="bbox 629 369 849 433">
     <span class='ocr_line' id='line_1_1' title="bbox 629 369 849 433; baseline 0.027 -17"><span class='ocrx_word' id='word_1_1' title='bbox 629 369 849 433; x_wconf 72' lang='grc'>..47-</span> 
     </span>
    </p>
   </div>
   <div class='ocr_carea' id='block_1_2' title="bbox 160 565 1331 1829">
    <p class='ocr_par' dir='ltr' id='par_1_2' title="bbox 160 565 1331 1401">
     <span class='ocr_line' id='line_1_2' title="bbox 163 565 1319 651; baseline 0.002 -20"><span class='ocrx_word' id='word_1_2' title='bbox 163 568 219 632; x_wconf 87' lang='lat' dir='ltr'>bic</span> <span class='ocrx_word' id='word_1_3' title='bbox 251 587 331 631; x_wconf 91' lang='lat' dir='ltr'>vero</span> <span class='ocrx_word' id='word_1_4' title='bbox 361 565 573 631; x_wconf 80' lang='lat' dir='ltr'>adversativa</span> <span class='ocrx_word' id='word_1_5' title='bbox 606 565 770 650; x_wconf 89' lang='lat' dir='ltr'>particula</span> <span class='ocrx_word' id='word_1_6' title='bbox 799 566 954 631; x_wconf 87' lang='lat' dir='ltr'>videmur</span> <span class='ocrx_word' id='word_1_7' title='bbox 987 587 1098 632; x_wconf 89' lang='lat' dir='ltr'>carere</span> <span class='ocrx_word' id='word_1_8' title='bbox 1127 588 1195 632; x_wconf 93' lang='lat' dir='ltr'>non</span> <span class='ocrx_word' id='word_1_9' title='bbox 1221 585 1319 651; x_wconf 88' lang='lat' dir='ltr'>posse</span> 
     </span>
     <span class='ocr_line' id='line_1_3' title="bbox 161 673 1326 760; baseline 0.002 -22"><span class='ocrx_word' id='word_1_10' title='bbox 161 675 240 752; x_wconf 78' lang='lat' dir='ltr'>Qua</span> <span class='ocrx_word' id='word_1_11' title='bbox 262 695 297 738; x_wconf 90' lang='lat' dir='ltr'>re</span> <span class='ocrx_word' id='word_1_12' title='bbox 320 674 397 738; x_wconf 89' lang='lat' dir='ltr'>nolo</span> <span class='ocrx_word' id='word_1_13' title='bbox 413 680 520 738; x_wconf 90' lang='lat' dir='ltr'>tacere</span> <span class='ocrx_word' id='word_1_14' title='bbox 537 673 719 738; x_wconf 88' lang='lat' dir='ltr'>Brunsium</span> <span class='ocrx_word' id='word_1_15' title='bbox 744 674 805 738; x_wconf 88' lang='lat' dir='ltr'>etsi</span> <span class='ocrx_word' id='word_1_16' title='bbox 829 673 1021 739; x_wconf 79' lang='lat' dir='ltr'>dubitanter</span> <span class='ocrx_word' id='word_1_17' title='bbox 1035 673 1098 738; x_wconf 93' lang='lat' dir='ltr'>hoc</span> <span class='ocrx_word' id='word_1_18' title='bbox 1114 675 1326 760; x_wconf 88' lang='lat' dir='ltr'>supplemen-</span> 
     </span>
     <span class='ocr_line' id='line_1_4' title="bbox 161 780 1325 866; baseline 0 -20"><span class='ocrx_word' id='word_1_19' title='bbox 161 789 236 846; x_wconf 91' lang='lat' dir='ltr'>tum</span> <span class='ocrx_word' id='word_1_20' title='bbox 267 780 498 866; x_wconf 84' lang='lat' dir='ltr'>proposuisse:</span> <span class='ocrx_word' id='word_1_21' title='bbox 532 780 717 858; x_wconf 87' lang='lat' dir='ltr'>„Interesse</span> <span class='ocrx_word' id='word_1_22' title='bbox 745 787 857 845; x_wconf 88' lang='lat' dir='ltr'>autem</span> <span class='ocrx_word' id='word_1_23' title='bbox 881 781 986 858; x_wconf 89' lang='lat' dir='ltr'>aiunt,</span> <span class='ocrx_word' id='word_1_24' title='bbox 1019 786 1133 844; x_wconf 88' lang='lat' dir='ltr'>utrum</span> <span class='ocrx_word' id='word_1_25' title='bbox 1157 781 1325 847; x_wconf 84' lang='lat' dir='ltr'>eiusmodi</span> 
     </span>
     <span class='ocr_line' id='line_1_5' title="bbox 160 886 1323 973; baseline 0.003 -23"><span class='ocrx_word' id='word_1_26' title='bbox 160 887 245 973; x_wconf 91' lang='lat' dir='ltr'>quid</span> <span class='ocrx_word' id='word_1_27' title='bbox 268 887 320 966; x_wconf 86' lang='lat' dir='ltr'>sit,</span> <span class='ocrx_word' id='word_1_28' title='bbox 337 887 408 952; x_wconf 90' lang='lat' dir='ltr'>sine</span> <span class='ocrx_word' id='word_1_29' title='bbox 431 908 499 972; x_wconf 93' lang='lat' dir='ltr'>quo</span> <span class='ocrx_word' id='word_1_30' title='bbox 514 886 642 972; x_wconf 85' lang='lat' dir='ltr'>aliquid</span> <span class='ocrx_word' id='word_1_31' title='bbox 665 887 751 952; x_wconf 85' lang='lat' dir='ltr'>effici</span> <span class='ocrx_word' id='word_1_32' title='bbox 774 908 843 951; x_wconf 90' lang='lat' dir='ltr'>non</span> <span class='ocrx_word' id='word_1_33' title='bbox 859 887 972 972; x_wconf 81' lang='lat' dir='ltr'>possit,</span> <span class='ocrx_word' id='word_1_34' title='bbox 996 909 1041 952; x_wconf 91' lang='lat' dir='ltr'>an</span> <span class='ocrx_word' id='word_1_35' title='bbox 1057 887 1230 966; x_wconf 90' lang='lat' dir='ltr'>eiusmodi,</span> <span class='ocrx_word' id='word_1_36' title='bbox 1245 909 1323 953; x_wconf 92' lang='lat' dir='ltr'>cum</span> 
     </span>
     <span class='ocr_line' id='line_1_6' title="bbox 161 993 1330 1081; baseline 0.003 -23"><span class='ocrx_word' id='word_1_37' title='bbox 161 1015 230 1080; x_wconf 91' lang='lat' dir='ltr'>qno</span> <span class='ocrx_word' id='word_1_38' title='bbox 256 993 389 1079; x_wconf 89' lang='lat' dir='ltr'>aliquid</span> <span class='ocrx_word' id='word_1_39' title='bbox 421 993 507 1058; x_wconf 81' lang='lat' dir='ltr'>effici</span> <span class='ocrx_word' id='word_1_40' title='bbox 539 1014 674 1058; x_wconf 86' lang='lat' dir='ltr'>necesse</span> <span class='ocrx_word' id='word_1_41' title='bbox 708 994 758 1059; x_wconf 88' lang='lat' dir='ltr'>sit.</span> <span class='ocrx_word' id='word_1_42' title='bbox 817 993 874 1058; x_wconf 90' lang='lat' dir='ltr'>At</span> <span class='ocrx_word' id='word_1_43' title='bbox 905 1013 984 1058; x_wconf 89' lang='lat' dir='ltr'>nec</span> <span class='ocrx_word' id='word_1_44' title='bbox 1016 993 1079 1071; x_wconf 92' lang='lat' dir='ltr'>id,</span> <span class='ocrx_word' id='word_1_45' title='bbox 1113 1015 1207 1059; x_wconf 92' lang='lat' dir='ltr'>cum</span> <span class='ocrx_word' id='word_1_46' title='bbox 1243 1018 1330 1081; x_wconf 92' lang='lat' dir='ltr'>quo</span> 
     </span>
     <span class='ocr_line' id='line_1_7' title="bbox 161 1099 1331 1188; baseline 0.002 -22"><span class='ocrx_word' id='word_1_47' title='bbox 161 1099 344 1186; x_wconf 89' lang='lat' dir='ltr'>aliquid</span> <span class='ocrx_word' id='word_1_48' title='bbox 367 1121 557 1165; x_wconf 87' lang='lat' dir='ltr'>necesse</span> <span class='ocrx_word' id='word_1_49' title='bbox 581 1106 665 1177; x_wconf 89' lang='lat' dir='ltr'>est,</span> <span class='ocrx_word' id='word_1_50' title='bbox 691 1121 752 1165; x_wconf 89' lang='lat' dir='ltr'>nec</span> <span class='ocrx_word' id='word_1_51' title='bbox 775 1099 819 1178; x_wconf 94' lang='lat' dir='ltr'>id,</span> <span class='ocrx_word' id='word_1_52' title='bbox 845 1099 916 1165; x_wconf 91' lang='lat' dir='ltr'>sine</span> <span class='ocrx_word' id='word_1_53' title='bbox 940 1109 1119 1185; x_wconf 82' lang='lat' dir='ltr'>quo...“.</span> <span class='ocrx_word' id='word_1_54' title='bbox 1152 1102 1331 1188; x_wconf 85' lang='lat' dir='ltr'>Tmnqui-</span> 
     </span>
     <span class='ocr_line' id='line_1_8' title="bbox 161 1207 1331 1297; baseline 0.003 -25"><span class='ocrx_word' id='word_1_55' title='bbox 161 1207 239 1272; x_wconf 88' lang='lat' dir='ltr'>dem</span> <span class='ocrx_word' id='word_1_56' title='bbox 263 1209 455 1274; x_wconf 77' lang='lat' dir='ltr'>Ciceronem</span> <span class='ocrx_word' id='word_1_57' title='bbox 480 1229 578 1273; x_wconf 87' lang='lat' dir='ltr'>suam</span> <span class='ocrx_word' id='word_1_58' title='bbox 600 1229 738 1273; x_wconf 87' lang='lat' dir='ltr'>causam</span> <span class='ocrx_word' id='word_1_59' title='bbox 761 1207 804 1274; x_wconf 89' lang='lat' dir='ltr'>ab</span> <span class='ocrx_word' id='word_1_60' title='bbox 827 1207 1096 1273; x_wconf 88' lang='lat' dir='ltr'>adversariorum</span> <span class='ocrx_word' id='word_1_61' title='bbox 1128 1231 1150 1273; x_wconf 90' lang='lat' dir='ltr'>u</span> <span class='ocrx_word' id='word_1_62' title='bbox 1163 1216 1331 1297; x_wconf 90' lang='lat' dir='ltr'>troque</span> 
     </span>
     <span class='ocr_line' id='line_1_9' title="bbox 162 1314 876 1401; baseline -0.001 -22"><span class='ocrx_word' id='word_1_63' title='bbox 162 1337 285 1399; x_wconf 84' lang='lat' dir='ltr'>genere</span> <span class='ocrx_word' id='word_1_64' title='bbox 309 1337 486 1381; x_wconf 88' lang='lat' dir='ltr'>causarum</span> <span class='ocrx_word' id='word_1_65' title='bbox 512 1314 704 1380; x_wconf 81' lang='lat' dir='ltr'>distinxisse</span> <span class='ocrx_word' id='word_1_66' title='bbox 728 1320 876 1401; x_wconf 87' lang='lat' dir='ltr'>apparet.</span> 
     </span>
    </p>

    <p class='ocr_par' dir='ltr' id='par_1_3' title="bbox 162 1421 1330 1829">
     <span class='ocr_line' id='line_1_10' title="bbox 269 1421 1330 1510; baseline 0.004 -24"><span class='ocrx_word' id='word_1_67' title='bbox 269 1421 334 1487; x_wconf 83' lang='lat' dir='ltr'>Sed</span> <span class='ocrx_word' id='word_1_68' title='bbox 357 1423 434 1486; x_wconf 91' lang='lat' dir='ltr'>nolo</span> <span class='ocrx_word' id='word_1_69' title='bbox 451 1421 491 1486; x_wconf 94' lang='lat' dir='ltr'>de</span> <span class='ocrx_word' id='word_1_70' title='bbox 508 1443 542 1486; x_wconf 90' lang='lat' dir='ltr'>re</span> <span class='ocrx_word' id='word_1_71' title='bbox 566 1421 669 1486; x_wconf 90' lang='lat' dir='ltr'>dubia</span> <span class='ocrx_word' id='word_1_72' title='bbox 684 1422 826 1486; x_wconf 84' lang='lat' dir='ltr'>certiora</span> <span class='ocrx_word' id='word_1_73' title='bbox 841 1421 1050 1486; x_wconf 88' lang='lat' dir='ltr'>constituere.</span> <span class='ocrx_word' id='word_1_74' title='bbox 1085 1423 1157 1488; x_wconf 87' lang='lat' dir='ltr'>Alia</span> <span class='ocrx_word' id='word_1_75' title='bbox 1177 1425 1330 1510; x_wconf 88' lang='lat' dir='ltr'>quaestio</span> 
     </span>
     <span class='ocr_line' id='line_1_11' title="bbox 162 1527 1329 1615; baseline 0.001 -20"><span class='ocrx_word' id='word_1_76' title='bbox 162 1536 221 1608; x_wconf 88' lang='lat' dir='ltr'>est,</span> <span class='ocrx_word' id='word_1_77' title='bbox 248 1551 335 1615; x_wconf 92' lang='lat' dir='ltr'>quae</span> <span class='ocrx_word' id='word_1_78' title='bbox 358 1529 508 1615; x_wconf 84' lang='lat' dir='ltr'>neglecta</span> <span class='ocrx_word' id='word_1_79' title='bbox 532 1527 574 1592; x_wconf 92' lang='lat' dir='ltr'>ab</span> <span class='ocrx_word' id='word_1_80' title='bbox 597 1528 835 1614; x_wconf 89' lang='lat' dir='ltr'>interpretibus</span> <span class='ocrx_word' id='word_1_81' title='bbox 858 1528 922 1594; x_wconf 86' lang='lat' dir='ltr'>hoc</span> <span class='ocrx_word' id='word_1_82' title='bbox 946 1528 1018 1594; x_wconf 90' lang='lat' dir='ltr'>loco</span> <span class='ocrx_word' id='word_1_83' title='bbox 1042 1529 1203 1595; x_wconf 88' lang='lat' dir='ltr'>solvenda</span> <span class='ocrx_word' id='word_1_84' title='bbox 1219 1530 1329 1597; x_wconf 86' lang='lat' dir='ltr'>videa·</span> 
     </span>
     <span class='ocr_line' id='line_1_12' title="bbox 162 1635 1328 1721; baseline 0.002 -20"><span class='ocrx_word' id='word_1_85' title='bbox 162 1644 233 1715; x_wconf 89' lang='lat' dir='ltr'>tur;</span> <span class='ocrx_word' id='word_1_86' title='bbox 257 1638 371 1721; x_wconf 87' lang='lat' dir='ltr'>itaque</span> <span class='ocrx_word' id='word_1_87' title='bbox 393 1642 546 1701; x_wconf 90' lang='lat' dir='ltr'>veterum</span> <span class='ocrx_word' id='word_1_88' title='bbox 569 1636 657 1701; x_wconf 87' lang='lat' dir='ltr'>locos</span> <span class='ocrx_word' id='word_1_89' title='bbox 690 1635 900 1714; x_wconf 70' lang='lat' dir='ltr'>examinabo</span> <span class='ocrx_word' id='word_1_90' title='bbox 930 1635 1119 1721; x_wconf 81' lang='lat' dir='ltr'>quibusda</span> <span class='ocrx_word' id='word_1_91' title='bbox 1143 1637 1261 1703; x_wconf 89' lang='lat' dir='ltr'>eadem</span> <span class='ocrx_word' id='word_1_92' title='bbox 1283 1661 1328 1718; x_wconf 86' lang='lat' dir='ltr'>re,</span> 
     </span>
     <span class='ocr_line' id='line_1_13' title="bbox 162 1741 1145 1829; baseline -0.002 -19"><span class='ocrx_word' id='word_1_93' title='bbox 162 1744 230 1810; x_wconf 66' lang='lat' dir='ltr'>scii,</span> <span class='ocrx_word' id='word_1_94' title='bbox 256 1743 298 1809; x_wconf 88' lang='lat' dir='ltr'>de</span> <span class='ocrx_word' id='word_1_95' title='bbox 321 1764 499 1809; x_wconf 87' lang='lat' dir='ltr'>causarum</span> <span class='ocrx_word' id='word_1_96' title='bbox 523 1743 709 1809; x_wconf 84' lang='lat' dir='ltr'>Stoicarum</span> <span class='ocrx_word' id='word_1_97' title='bbox 732 1741 921 1828; x_wconf 85' lang='lat' dir='ltr'>generibus,</span> <span class='ocrx_word' id='word_1_98' title='bbox 946 1742 1145 1829; x_wconf 86' lang='lat' dir='ltr'>disputatur.</span> 
     </span>
    </p>
   </div>
   <div class='ocr_carea' id='block_1_3' title="bbox 588 1905 904 1914">
    <p class='ocr_par' dir='ltr' id='par_1_4' title="bbox 588 1905 904 1914">
     <span class='ocr_line' id='line_1_14' title="bbox 588 1905 904 1914; baseline 0 0"><span class='ocrx_word' id='word_1_99' title='bbox 588 1905 696 1914; x_wconf 67' lang='lat'>»·-·.-.——</span> <span class='ocrx_word' id='word_1_100' title='bbox 735 1907 904 1914; x_wconf 55' lang='grc' dir='ltr'>..Ἥ</span> 
     </span>
    </p>
   </div>
   <div class='ocr_carea' id='block_1_4' title="bbox 159 2008 1329 3815">
    <p class='ocr_par' dir='ltr' id='par_1_5' title="bbox 159 2008 1329 3815">
     <span class='ocr_line' id='line_1_15' title="bbox 270 2008 1329 2095; baseline 0.001 -19"><span class='ocrx_word' id='word_1_101' title='bbox 270 2009 454 2076; x_wconf 88' lang='lat' dir='ltr'>Videamus</span> <span class='ocrx_word' id='word_1_102' title='bbox 469 2008 572 2095; x_wconf 87' lang='lat' dir='ltr'>igitur</span> <span class='ocrx_word' id='word_1_103' title='bbox 589 2009 738 2094; x_wconf 90' lang='lat' dir='ltr'>primum</span> <span class='ocrx_word' id='word_1_104' title='bbox 754 2010 936 2075; x_wconf 89' lang='lat' dir='ltr'>Alexandri</span> <span class='ocrx_word' id='word_1_105' title='bbox 953 2009 1224 2095; x_wconf 87' lang='lat' dir='ltr'>Aphrodisiensis</span> <span class='ocrx_word' id='word_1_106' title='bbox 1241 2033 1267 2076; x_wconf 93' lang='lat' dir='ltr'>c.</span> <span class='ocrx_word' id='word_1_107' title='bbox 1286 2012 1329 2077; x_wconf 79' lang='lat'>22</span> 
     </span>
     <span class='ocr_line' id='line_1_16' title="bbox 160 2115 1327 2204; baseline 0.001 -21"><span class='ocrx_word' id='word_1_108' title='bbox 160 2139 266 2204; x_wconf 87' lang='lat' dir='ltr'>supra</span> <span class='ocrx_word' id='word_1_109' title='bbox 287 2121 329 2203; x_wconf 85' lang='lat' dir='ltr'>(p.</span> <span class='ocrx_word' id='word_1_110' title='bbox 356 2118 409 2200; x_wconf 74' lang='lat'>20)</span> <span class='ocrx_word' id='word_1_111' title='bbox 433 2138 453 2180; x_wconf 90' lang='lat' dir='ltr'>a</span> <span class='ocrx_word' id='word_1_112' title='bbox 475 2115 572 2181; x_wconf 85' lang='lat' dir='ltr'>nobis</span> <span class='ocrx_word' id='word_1_113' title='bbox 596 2124 829 2194; x_wconf 85' lang='lat' dir='ltr'>memoratum,</span> <span class='ocrx_word' id='word_1_114' title='bbox 865 2117 922 2182; x_wconf 90' lang='lat' dir='ltr'>ubi</span> <span class='ocrx_word' id='word_1_115' title='bbox 945 2140 976 2203; x_wconf 93' lang='lat' dir='ltr'>p.</span> <span class='ocrx_word' id='word_1_116' title='bbox 998 2119 1069 2196; x_wconf 79' lang='lat'>192,</span> <span class='ocrx_word' id='word_1_117' title='bbox 1098 2119 1135 2182; x_wconf 80' lang='lat'>18</span> <span class='ocrx_word' id='word_1_118' title='bbox 1160 2118 1210 2184; x_wconf 92' lang='lat' dir='ltr'>ed.</span> <span class='ocrx_word' id='word_1_119' title='bbox 1235 2118 1327 2185; x_wconf 89' lang='lat' dir='ltr'>acad.</span> 
     </span>
     <span class='ocr_line' id='line_1_17' title="bbox 161 2222 1328 2313; baseline 0.005 -24"><span class='ocrx_word' id='word_1_120' title='bbox 161 2225 258 2290; x_wconf 82' lang='lat' dir='ltr'>dicit:</span> <span class='ocrx_word' id='word_1_121' title='bbox 285 2229 404 2311; x_wconf 81' lang='grc' dir='ltr'><strong><em>σμῆνος</em></strong></span> <span class='ocrx_word' id='word_1_122' title='bbox 425 2222 488 2311; x_wconf 70' lang='grc' dir='ltr'>γάρ</span> <span class='ocrx_word' id='word_1_123' title='bbox 513 2230 627 2291; x_wconf 80' lang='grc' dir='ltr'><strong><em>αἰτίαν</em></strong></span> <span class='ocrx_word' id='word_1_124' title='bbox 643 2227 876 2308; x_wconf 71' lang='grc' dir='ltr'><strong><em>καταλέγουσιν</em></strong></span> <span class='ocrx_word' id='word_1_125' title='bbox 894 2223 947 2311; x_wconf 81' lang='lat' dir='ltr'>(sc.</span> <span class='ocrx_word' id='word_1_126' title='bbox 967 2229 996 2291; x_wconf 75' lang='lat' dir='ltr'>ot</span> <span class='ocrx_word' id='word_1_127' title='bbox 1012 2227 1171 2313; x_wconf 78' lang='grc' dir='ltr'><strong><em>Στωικοί),</em></strong></span> <span class='ocrx_word' id='word_1_128' title='bbox 1201 2222 1242 2293; x_wconf 78' lang='lat' dir='ltr'>aci</span> <span class='ocrx_word' id='word_1_129' title='bbox 1267 2235 1328 2313; x_wconf 76' lang='grc' dir='ltr'>μὲν</span> 
     </span>
     <span class='ocr_line' id='line_1_18' title="bbox 162 2327 1326 2424; baseline -0.001 -23"><span class='ocrx_word' id='word_1_130' title='bbox 162 2333 439 2424; x_wconf 77' lang='grc' dir='ltr'><strong><em>προκαταρκτικᾶ,</em></strong></span> <span class='ocrx_word' id='word_1_131' title='bbox 457 2327 498 2397; x_wconf 74' lang='grc' dir='ltr'>τοὶ</span> <span class='ocrx_word' id='word_1_132' title='bbox 517 2333 554 2398; x_wconf 79' lang='grc' dir='ltr'>δὲ</span> <span class='ocrx_word' id='word_1_133' title='bbox 570 2344 733 2409; x_wconf 78' lang='grc' dir='ltr'><strong><em>συναίτια,</em></strong></span> <span class='ocrx_word' id='word_1_134' title='bbox 757 2331 798 2398; x_wconf 78' lang='lat' dir='ltr'>rei</span> <span class='ocrx_word' id='word_1_135' title='bbox 818 2331 854 2399; x_wconf 77' lang='grc' dir='ltr'>δὲ</span> <span class='ocrx_word' id='word_1_136' title='bbox 870 2333 992 2410; x_wconf 61' lang='lat' dir='ltr'>tartari,</span> <span class='ocrx_word' id='word_1_137' title='bbox 1017 2329 1059 2399; x_wconf 78' lang='grc' dir='ltr'>τα</span> <span class='ocrx_word' id='word_1_138' title='bbox 1085 2335 1121 2400; x_wconf 81' lang='grc' dir='ltr'>δὲ</span> <span class='ocrx_word' id='word_1_139' title='bbox 1147 2336 1326 2410; x_wconf 80' lang='grc' dir='ltr'><strong><em>συνεκτικά,</em></strong></span> 
     </span>
     <span class='ocr_line' id='line_1_19' title="bbox 161 2437 1328 2523; baseline -0.002 -17"><span class='ocrx_word' id='word_1_140' title='bbox 161 2438 204 2506; x_wconf 75' lang='grc' dir='ltr'>τά</span> <span class='ocrx_word' id='word_1_141' title='bbox 230 2442 264 2507; x_wconf 78' lang='grc' dir='ltr'>δὲ</span> <span class='ocrx_word' id='word_1_142' title='bbox 296 2439 376 2507; x_wconf 78' lang='grc' dir='ltr'><em>ἄλλο</em></span> <span class='ocrx_word' id='word_1_143' title='bbox 408 2467 448 2506; x_wconf 81' lang='grc' dir='ltr'>ιι.</span> <span class='ocrx_word' id='word_1_144' title='bbox 506 2437 600 2512; x_wconf 71' lang='lat' dir='ltr'>Quae</span> <span class='ocrx_word' id='word_1_145' title='bbox 636 2437 768 2522; x_wconf 83' lang='lat' dir='ltr'>singula</span> <span class='ocrx_word' id='word_1_146' title='bbox 801 2459 925 2523; x_wconf 85' lang='lat' dir='ltr'>genera</span> <span class='ocrx_word' id='word_1_147' title='bbox 959 2438 1127 2523; x_wconf 87' lang='lat' dir='ltr'>quomodo</span> <span class='ocrx_word' id='word_1_148' title='bbox 1162 2438 1328 2519; x_wconf 85' lang='lat' dir='ltr'>differant,</span> 
     </span>
     <span class='ocr_line' id='line_1_20' title="bbox 159 2544 1329 2615; baseline 0 -5"><span class='ocrx_word' id='word_1_149' title='bbox 159 2552 277 2610; x_wconf 85' lang='lat' dir='ltr'>auctor</span> <span class='ocrx_word' id='word_1_150' title='bbox 292 2566 361 2610; x_wconf 91' lang='lat' dir='ltr'>non</span> <span class='ocrx_word' id='word_1_151' title='bbox 385 2544 487 2610; x_wconf 89' lang='lat' dir='ltr'>addit.</span> <span class='ocrx_word' id='word_1_152' title='bbox 523 2544 697 2608; x_wconf 89' lang='lat' dir='ltr'>Praeterea</span> <span class='ocrx_word' id='word_1_153' title='bbox 722 2545 901 2609; x_wconf 88' lang='lat' dir='ltr'>aBrunsio</span> <span class='ocrx_word' id='word_1_154' title='bbox 924 2566 1063 2610; x_wconf 89' lang='lat' dir='ltr'>moneor</span> <span class='ocrx_word' id='word_1_155' title='bbox 1078 2567 1194 2610; x_wconf 90' lang='lat' dir='ltr'>vocem</span> <span class='ocrx_word' id='word_1_156' title='bbox 1218 2545 1329 2615; x_wconf 77' lang='grc' dir='ltr'><strong><em>ἑκτικά</em></strong></span> 
     </span>
     <span class='ocr_line' id='line_1_21' title="bbox 161 2650 1329 2730; baseline 0.001 -14"><span class='ocrx_word' id='word_1_157' title='bbox 161 2674 231 2716; x_wconf 90' lang='lat' dir='ltr'>non</span> <span class='ocrx_word' id='word_1_158' title='bbox 255 2651 422 2730; x_wconf 90' lang='lat' dir='ltr'>traditam,</span> <span class='ocrx_word' id='word_1_159' title='bbox 448 2650 504 2715; x_wconf 88' lang='lat' dir='ltr'>sed</span> <span class='ocrx_word' id='word_1_160' title='bbox 528 2672 549 2714; x_wconf 89' lang='lat' dir='ltr'>a</span> <span class='ocrx_word' id='word_1_161' title='bbox 572 2650 700 2715; x_wconf 84' lang='lat' dir='ltr'>Oaselio</span> <span class='ocrx_word' id='word_1_162' title='bbox 732 2658 764 2716; x_wconf 90' lang='lat' dir='ltr'>et</span> <span class='ocrx_word' id='word_1_163' title='bbox 787 2651 823 2715; x_wconf 93' lang='lat' dir='ltr'>in</span> <span class='ocrx_word' id='word_1_164' title='bbox 847 2650 992 2716; x_wconf 90' lang='lat' dir='ltr'>editione</span> <span class='ocrx_word' id='word_1_165' title='bbox 1015 2651 1228 2717; x_wconf 83' lang='lat' dir='ltr'>Londiniana</span> <span class='ocrx_word' id='word_1_166' title='bbox 1255 2674 1329 2717; x_wconf 90' lang='lat' dir='ltr'>con·</span> 
     </span>
     <span class='ocr_line' id='line_1_22' title="bbox 159 2753 1329 2846; baseline 0.002 -24"><span class='ocrx_word' id='word_1_167' title='bbox 159 2759 288 2824; x_wconf 91' lang='lat' dir='ltr'>iectura</span> <span class='ocrx_word' id='word_1_168' title='bbox 314 2759 457 2845; x_wconf 86' lang='lat' dir='ltr'>positam</span> <span class='ocrx_word' id='word_1_169' title='bbox 494 2779 565 2823; x_wconf 88' lang='lat' dir='ltr'>esse</span> <span class='ocrx_word' id='word_1_170' title='bbox 600 2780 660 2844; x_wconf 92' lang='lat' dir='ltr'>pro</span> <span class='ocrx_word' id='word_1_171' title='bbox 695 2753 825 2835; x_wconf 81' lang='grc' dir='ltr'><strong><em>ιῖκτικά,</em></strong></span> <span class='ocrx_word' id='word_1_172' title='bbox 862 2760 954 2845; x_wconf 93' lang='lat' dir='ltr'>quod</span> <span class='ocrx_word' id='word_1_173' title='bbox 988 2760 1024 2824; x_wconf 91' lang='lat' dir='ltr'>in</span> <span class='ocrx_word' id='word_1_174' title='bbox 1049 2759 1177 2826; x_wconf 92' lang='lat' dir='ltr'>Veneto</span> <span class='ocrx_word' id='word_1_175' title='bbox 1202 2761 1329 2846; x_wconf 92' lang='lat' dir='ltr'>optimo</span> 
     </span>
     <span class='ocr_line' id='line_1_23' title="bbox 161 2865 1328 2951; baseline -0.001 -20"><span class='ocrx_word' id='word_1_176' title='bbox 161 2865 275 2931; x_wconf 89' lang='lat' dir='ltr'>codice</span> <span class='ocrx_word' id='word_1_177' title='bbox 308 2873 417 2931; x_wconf 90' lang='lat' dir='ltr'>exstat</span> <span class='ocrx_word' id='word_1_178' title='bbox 439 2872 539 2951; x_wconf 91' lang='lat' dir='ltr'>atque</span> <span class='ocrx_word' id='word_1_179' title='bbox 563 2865 599 2929; x_wconf 91' lang='lat' dir='ltr'>in</span> <span class='ocrx_word' id='word_1_180' title='bbox 623 2866 816 2951; x_wconf 85' lang='lat' dir='ltr'>apographo</span> <span class='ocrx_word' id='word_1_181' title='bbox 839 2867 973 2932; x_wconf 85' lang='lat' dir='ltr'>Estensi</span> <span class='ocrx_word' id='word_1_182' title='bbox 1003 2889 1028 2931; x_wconf 90' lang='lat' dir='ltr'>s.</span> <span class='ocrx_word' id='word_1_183' title='bbox 1054 2867 1236 2932; x_wconf 85' lang='lat' dir='ltr'>Mutinensi</span> <span class='ocrx_word' id='word_1_184' title='bbox 1259 2888 1328 2931; x_wconf 90' lang='lat' dir='ltr'>mu-</span> 
     </span>
     <span class='ocr_line' id='line_1_24' title="bbox 162 2966 1329 3064; baseline 0.001 -27"><span class='ocrx_word' id='word_1_185' title='bbox 162 2979 270 3038; x_wconf 91' lang='lat' dir='ltr'>tatum</span> <span class='ocrx_word' id='word_1_186' title='bbox 306 2980 356 3038; x_wconf 89' lang='lat' dir='ltr'>est</span> <span class='ocrx_word' id='word_1_187' title='bbox 389 2973 425 3037; x_wconf 91' lang='lat' dir='ltr'>in</span> <span class='ocrx_word' id='word_1_188' title='bbox 449 2966 596 3064; x_wconf 78' lang='grc' dir='ltr'><strong><em>ιῗρκτικιὶ.</em></strong></span> <span class='ocrx_word' id='word_1_189' title='bbox 643 2975 772 3042; x_wconf 67' lang='lat' dir='ltr'>‘Exsonat</span> <span class='ocrx_word' id='word_1_190' title='bbox 807 2973 910 3059; x_wconf 85' lang='lat' dir='ltr'>igitur</span> <span class='ocrx_word' id='word_1_191' title='bbox 944 2974 1153 3038; x_wconf 90' lang='lat' dir='ltr'>coniecturae</span> <span class='ocrx_word' id='word_1_192' title='bbox 1189 2973 1329 3039; x_wconf 91' lang='lat' dir='ltr'>debetur</span> 
     </span>
     <span class='ocr_line' id='line_1_25' title="bbox 163 3080 1327 3166; baseline 0.002 -22"><span class='ocrx_word' id='word_1_193' title='bbox 163 3082 303 3146; x_wconf 78' lang='lat' dir='ltr'>tortasse</span> <span class='ocrx_word' id='word_1_194' title='bbox 326 3081 438 3145; x_wconf 83' lang='lat' dir='ltr'>falsae.</span> <span class='ocrx_word' id='word_1_195' title='bbox 485 3080 574 3144; x_wconf 91' lang='lat' dir='ltr'>Nam</span> <span class='ocrx_word' id='word_1_196' title='bbox 589 3081 701 3148; x_wconf 76' lang='grc' dir='ltr'><strong><em>ἑκτικιὶ</em></strong></span> <span class='ocrx_word' id='word_1_197' title='bbox 721 3087 813 3150; x_wconf 81' lang='grc' dir='ltr'><strong><em>αἴτια</em></strong></span> <span class='ocrx_word' id='word_1_198' title='bbox 830 3102 940 3166; x_wconf 91' lang='lat' dir='ltr'>neque</span> <span class='ocrx_word' id='word_1_199' title='bbox 958 3080 1025 3145; x_wconf 91' lang='lat' dir='ltr'>ullo</span> <span class='ocrx_word' id='word_1_200' title='bbox 1041 3080 1106 3145; x_wconf 88' lang='lat' dir='ltr'>alio</span> <span class='ocrx_word' id='word_1_201' title='bbox 1124 3081 1205 3159; x_wconf 84' lang='lat' dir='ltr'>loco,</span> <span class='ocrx_word' id='word_1_202' title='bbox 1225 3102 1327 3165; x_wconf 89' lang='lat' dir='ltr'>quan-</span> 
     </span>
     <span class='ocr_line' id='line_1_26' title="bbox 160 3187 1329 3274; baseline 0 -22"><span class='ocrx_word' id='word_1_203' title='bbox 160 3194 233 3253; x_wconf 90' lang='lat' dir='ltr'>tum</span> <span class='ocrx_word' id='word_1_204' title='bbox 257 3189 335 3266; x_wconf 85' lang='lat' dir='ltr'>scic,</span> <span class='ocrx_word' id='word_1_205' title='bbox 371 3209 391 3252; x_wconf 90' lang='lat' dir='ltr'>a</span> <span class='ocrx_word' id='word_1_206' title='bbox 425 3187 623 3273; x_wconf 87' lang='lat' dir='ltr'>philosopho</span> <span class='ocrx_word' id='word_1_207' title='bbox 657 3187 805 3274; x_wconf 90' lang='lat' dir='ltr'>quodam</span> <span class='ocrx_word' id='word_1_208' title='bbox 840 3193 1069 3252; x_wconf 89' lang='lat' dir='ltr'>memorantur</span> <span class='ocrx_word' id='word_1_209' title='bbox 1103 3209 1213 3273; x_wconf 90' lang='lat' dir='ltr'>neque</span> <span class='ocrx_word' id='word_1_210' title='bbox 1246 3188 1329 3274; x_wconf 91' lang='lat' dir='ltr'>quid</span> 
     </span>
     <span class='ocr_line' id='line_1_27' title="bbox 160 3293 1327 3380; baseline -0.002 -19"><span class='ocrx_word' id='word_1_211' title='bbox 160 3295 348 3380; x_wconf 84' lang='lat' dir='ltr'>significent</span> <span class='ocrx_word' id='word_1_212' title='bbox 372 3294 485 3359; x_wconf 91' lang='lat' dir='ltr'>elucet.</span> <span class='ocrx_word' id='word_1_213' title='bbox 535 3293 600 3358; x_wconf 83' lang='lat' dir='ltr'>Sed</span> <span class='ocrx_word' id='word_1_214' title='bbox 614 3294 779 3379; x_wconf 88' lang='lat' dir='ltr'>quidnam</span> <span class='ocrx_word' id='word_1_215' title='bbox 796 3316 830 3360; x_wconf 90' lang='lat' dir='ltr'>re</span> <span class='ocrx_word' id='word_1_216' title='bbox 847 3316 926 3360; x_wconf 89' lang='lat' dir='ltr'>vera</span> <span class='ocrx_word' id='word_1_217' title='bbox 944 3294 1134 3360; x_wconf 87' lang='lat' dir='ltr'>Alexander</span> <span class='ocrx_word' id='word_1_218' title='bbox 1149 3295 1327 3380; x_wconf 83' lang='lat' dir='ltr'>scripserit,</span> 
     </span>
     <span class='ocr_line' id='line_1_28' title="bbox 160 3401 1327 3493; baseline 0.003 -27"><span class='ocrx_word' id='word_1_219' title='bbox 160 3402 336 3468; x_wconf 90' lang='lat' dir='ltr'>diiudicari</span> <span class='ocrx_word' id='word_1_220' title='bbox 359 3401 484 3486; x_wconf 91' lang='lat' dir='ltr'>nequit.</span> <span class='ocrx_word' id='word_1_221' title='bbox 532 3401 705 3468; x_wconf 82' lang='lat' dir='ltr'>Putaveris</span> <span class='ocrx_word' id='word_1_222' title='bbox 728 3402 868 3467; x_wconf 78' lang='lat' dir='ltr'>tortasse</span> <span class='ocrx_word' id='word_1_223' title='bbox 884 3401 1064 3487; x_wconf 84' lang='lat' dir='ltr'>legendum</span> <span class='ocrx_word' id='word_1_224' title='bbox 1088 3423 1159 3467; x_wconf 88' lang='lat' dir='ltr'>esse</span> <span class='ocrx_word' id='word_1_225' title='bbox 1177 3405 1327 3493; x_wconf 79' lang='grc' dir='ltr'><strong><em>ἄρκιικά,</em></strong></span> 
     </span>
     <span class='ocr_line' id='line_1_29' title="bbox 160 3506 1328 3600; baseline 0 -27"><span class='ocrx_word' id='word_1_226' title='bbox 160 3508 253 3593; x_wconf 90' lang='lat' dir='ltr'>quod</span> <span class='ocrx_word' id='word_1_227' title='bbox 276 3508 377 3574; x_wconf 91' lang='lat' dir='ltr'>habet</span> <span class='ocrx_word' id='word_1_228' title='bbox 399 3506 469 3573; x_wconf 93' lang='lat' dir='ltr'>cod.</span> <span class='ocrx_word' id='word_1_229' title='bbox 496 3507 541 3588; x_wconf 69' lang='lat' dir='ltr'>E,</span> <span class='ocrx_word' id='word_1_230' title='bbox 577 3508 635 3573; x_wconf 86' lang='lat' dir='ltr'>sed</span> <span class='ocrx_word' id='word_1_231' title='bbox 670 3530 712 3574; x_wconf 90' lang='lat' dir='ltr'>ne</span> <span class='ocrx_word' id='word_1_232' title='bbox 742 3511 881 3600; x_wconf 78' lang='grc' dir='ltr'><strong><em>α’ρκιικιὶ</em></strong></span> <span class='ocrx_word' id='word_1_233' title='bbox 905 3509 1044 3594; x_wconf 89' lang='lat' dir='ltr'>quidem</span> <span class='ocrx_word' id='word_1_234' title='bbox 1067 3517 1158 3577; x_wconf 77' lang='grc' dir='ltr'><strong><em>αἴτια</em></strong></span> <span class='ocrx_word' id='word_1_235' title='bbox 1183 3531 1328 3594; x_wconf 90' lang='lat' dir='ltr'>usquam</span> 
     </span>
     <span class='ocr_line' id='line_1_30' title="bbox 160 3615 1327 3702; baseline 0.003 -21"><span class='ocrx_word' id='word_1_236' title='bbox 160 3617 394 3683; x_wconf 86' lang='lat' dir='ltr'>inveniuntur:</span> <span class='ocrx_word' id='word_1_237' title='bbox 425 3616 479 3682; x_wconf 88' lang='lat' dir='ltr'>vel</span> <span class='ocrx_word' id='word_1_238' title='bbox 501 3618 623 3693; x_wconf 76' lang='grc' dir='ltr'><strong><em>τελικά,</em></strong></span> <span class='ocrx_word' id='word_1_239' title='bbox 648 3615 689 3681; x_wconf 89' lang='lat' dir='ltr'>de</span> <span class='ocrx_word' id='word_1_240' title='bbox 713 3615 837 3702; x_wconf 90' lang='lat' dir='ltr'>quibus</span> <span class='ocrx_word' id='word_1_241' title='bbox 861 3615 981 3681; x_wconf 88' lang='lat' dir='ltr'>Suidas</span> <span class='ocrx_word' id='word_1_242' title='bbox 1006 3638 1029 3681; x_wconf 87' lang='lat' dir='ltr'>s.</span> <span class='ocrx_word' id='word_1_243' title='bbox 1055 3639 1086 3682; x_wconf 87' lang='lat' dir='ltr'>v.</span> <span class='ocrx_word' id='word_1_244' title='bbox 1117 3624 1240 3685; x_wconf 73' lang='grc' dir='ltr'><strong><em>αἴτιονῑ</em></strong></span> <span class='ocrx_word' id='word_1_245' title='bbox 1272 3629 1327 3684; x_wconf 78' lang='grc' dir='ltr'>καὶ</span> 
     </span>
     <span class='ocr_line' id='line_1_31' title="bbox 160 3723 1326 3815; baseline -0.002 -21"><span class='ocrx_word' id='word_1_246' title='bbox 160 3731 226 3794; x_wconf 78' lang='grc' dir='ltr'>τῶν</span> <span class='ocrx_word' id='word_1_247' title='bbox 259 3732 372 3793; x_wconf 78' lang='grc' dir='ltr'><strong><em>αἰτίαν</em></strong></span> <span class='ocrx_word' id='word_1_248' title='bbox 404 3725 445 3790; x_wconf 76' lang='lat' dir='ltr'>roi</span> <span class='ocrx_word' id='word_1_249' title='bbox 469 3732 530 3809; x_wconf 76' lang='grc' dir='ltr'>μὲν</span> <span class='ocrx_word' id='word_1_250' title='bbox 553 3727 828 3814; x_wconf 78' lang='grc' dir='ltr'><strong><em>προκαταρκτικά,</em></strong></span> <span class='ocrx_word' id='word_1_251' title='bbox 852 3726 893 3790; x_wconf 78' lang='grc' dir='ltr'>τοὶ</span> <span class='ocrx_word' id='word_1_252' title='bbox 918 3726 954 3791; x_wconf 80' lang='grc' dir='ltr'>δὲ</span> <span class='ocrx_word' id='word_1_253' title='bbox 971 3727 1109 3815; x_wconf 79' lang='grc' dir='ltr'><strong><em>συνεργοὶ</em></strong></span> <span class='ocrx_word' id='word_1_254' title='bbox 1126 3723 1148 3812; x_wconf 79' lang='grc' dir='ltr'><em>ἤ</em></span> <span class='ocrx_word' id='word_1_255' title='bbox 1163 3737 1326 3804; x_wconf 84' lang='grc' dir='ltr'><strong><em>συναίτια,</em></strong></span> 
     </span>
    </p>
   </div>
   <div class='ocr_carea' id='block_1_5' title="bbox 171 3905 478 3914">
    <p class='ocr_par' dir='ltr' id='par_1_6' title="bbox 171 3905 478 3914">
     <span class='ocr_line' id='line_1_32' title="bbox 171 3905 478 3914; baseline -0.007 0"><span class='ocrx_word' id='word_1_256' title='bbox 171 3905 350 3914; x_wconf 45' lang='grc' dir='ltr'>..ψ-..-</span> <span class='ocrx_word' id='word_1_257' title='bbox 357 3907 362 3911; x_wconf 90' lang='grc'>-</span> <span class='ocrx_word' id='word_1_258' title='bbox 368 3907 378 3911; x_wconf 91' lang='grc'>-</span> <span class='ocrx_word' id='word_1_259' title='bbox 387 3905 478 3912; x_wconf 75' lang='lat'><em>—----.-</em></span> 
     </span>
    </p>
   </div>
   <div class='ocr_carea' id='block_1_6' title="bbox 159 4011 1326 4364">
    <p class='ocr_par' dir='ltr' id='par_1_7' title="bbox 159 4011 1326 4364">
     <span class='ocr_line' id='line_1_33' title="bbox 159 4011 1325 4099; baseline -0.002 -17"><span class='ocrx_word' id='word_1_260' title='bbox 159 4029 263 4099; x_wconf 81' lang='lat' dir='ltr'>grapho</span> <span class='ocrx_word' id='word_1_261' title='bbox 289 4027 378 4082; x_wconf 82' lang='lat' dir='ltr'>verbis</span> <span class='ocrx_word' id='word_1_262' title='bbox 402 4043 468 4096; x_wconf 88' lang='lat' dir='ltr'>„nec</span> <span class='ocrx_word' id='word_1_263' title='bbox 487 4026 520 4080; x_wconf 91' lang='lat' dir='ltr'>ob</span> <span class='ocrx_word' id='word_1_264' title='bbox 539 4011 598 4080; x_wconf 85' lang='lat' dir='ltr'>cam</span> <span class='ocrx_word' id='word_1_265' title='bbox 618 4041 727 4081; x_wconf 86' lang='lat' dir='ltr'>causam</span> <span class='ocrx_word' id='word_1_266' title='bbox 739 4071 744 4083; x_wconf 92' lang='lat'>.</span> <span class='ocrx_word' id='word_1_267' title='bbox 757 4068 763 4079; x_wconf 92' lang='lat'><strong>.</strong></span> <span class='ocrx_word' id='word_1_268' title='bbox 775 4025 803 4080; x_wconf 85' lang='lat'>.“</span> <span class='ocrx_word' id='word_1_269' title='bbox 827 4041 880 4080; x_wconf 83' lang='lat' dir='ltr'>vox</span> <span class='ocrx_word' id='word_1_270' title='bbox 908 4025 1005 4094; x_wconf 82' lang='lat' dir='ltr'>„ver0“</span> <span class='ocrx_word' id='word_1_271' title='bbox 1031 4024 1095 4080; x_wconf 87' lang='lat' dir='ltr'>addi</span> <span class='ocrx_word' id='word_1_272' title='bbox 1123 4025 1247 4092; x_wconf 87' lang='lat' dir='ltr'>debebat,</span> <span class='ocrx_word' id='word_1_273' title='bbox 1266 4025 1325 4080; x_wconf 88' lang='lat' dir='ltr'>sine</span> 
     </span>
     <span class='ocr_line' id='line_1_34' title="bbox 165 4115 1326 4185; baseline -0.003 -13"><span class='ocrx_word' id='word_1_274' title='bbox 165 4133 220 4185; x_wconf 84' lang='lat' dir='ltr'>qna</span> <span class='ocrx_word' id='word_1_275' title='bbox 238 4116 324 4184; x_wconf 86' lang='lat' dir='ltr'>primo</span> <span class='ocrx_word' id='word_1_276' title='bbox 343 4123 454 4185; x_wconf 85' lang='lat' dir='ltr'>aspectu</span> <span class='ocrx_word' id='word_1_277' title='bbox 481 4132 558 4170; x_wconf 88' lang='lat' dir='ltr'>nemo</span> <span class='ocrx_word' id='word_1_278' title='bbox 578 4115 683 4170; x_wconf 87' lang='lat' dir='ltr'>videbit</span> <span class='ocrx_word' id='word_1_279' title='bbox 710 4131 840 4171; x_wconf 87' lang='lat' dir='ltr'>summam</span> <span class='ocrx_word' id='word_1_280' title='bbox 865 4129 924 4170; x_wconf 79' lang='lat' dir='ltr'>csse</span> <span class='ocrx_word' id='word_1_281' title='bbox 942 4115 1151 4169; x_wconf 82' lang='lat' dir='ltr'>controversiam</span> <span class='ocrx_word' id='word_1_282' title='bbox 1170 4115 1242 4170; x_wconf 85' lang='lat' dir='ltr'>inter</span> <span class='ocrx_word' id='word_1_283' title='bbox 1260 4117 1326 4169; x_wconf 86' lang='lat' dir='ltr'>haec</span> 
     </span>
     <span class='ocr_line' id='line_1_35' title="bbox 162 4203 1326 4275; baseline -0.003 -14"><span class='ocrx_word' id='word_1_284' title='bbox 162 4207 247 4262; x_wconf 86' lang='lat' dir='ltr'>verba</span> <span class='ocrx_word' id='word_1_285' title='bbox 266 4213 294 4260; x_wconf 86' lang='lat' dir='ltr'>at</span> <span class='ocrx_word' id='word_1_286' title='bbox 312 4204 421 4260; x_wconf 87' lang='lat' dir='ltr'>initium</span> <span class='ocrx_word' id='word_1_287' title='bbox 440 4205 576 4260; x_wconf 85' lang='lat' dir='ltr'>enuntiati</span> <span class='ocrx_word' id='word_1_288' title='bbox 597 4205 652 4275; x_wconf 79' lang='lat' dir='ltr'>„Et</span> <span class='ocrx_word' id='word_1_289' title='bbox 670 4213 762 4260; x_wconf 79' lang='lat' dir='ltr'>tamen</span> <span class='ocrx_word' id='word_1_290' title='bbox 782 4213 838 4260; x_wconf 87' lang='lat' dir='ltr'>tam</span> <span class='ocrx_word' id='word_1_291' title='bbox 857 4210 899 4260; x_wconf 83' lang='lat' dir='ltr'>eat</span> <span class='ocrx_word' id='word_1_292' title='bbox 917 4203 1086 4258; x_wconf 83' lang='lat' dir='ltr'>immutabile</span> <span class='ocrx_word' id='word_1_293' title='bbox 1100 4214 1252 4274; x_wconf 85' lang='lat' dir='ltr'>venturum,</span> <span class='ocrx_word' id='word_1_294' title='bbox 1266 4220 1326 4258; x_wconf 89' lang='lat' dir='ltr'>cum</span> 
     </span>
     <span class='ocr_line' id='line_1_36' title="bbox 161 4294 1326 4364; baseline -0.004 -12"><span class='ocrx_word' id='word_1_295' title='bbox 161 4303 324 4363; x_wconf 80' lang='lat' dir='ltr'>astrorum,</span> <span class='ocrx_word' id='word_1_296' title='bbox 344 4311 423 4364; x_wconf 83' lang='lat' dir='ltr'>qnam</span> <span class='ocrx_word' id='word_1_297' title='bbox 443 4296 557 4353; x_wconf 84' lang='lat' dir='ltr'>venisse.</span> <span class='ocrx_word' id='word_1_298' title='bbox 594 4295 719 4364; x_wconf 88' lang='lat' dir='ltr'>Denique</span> <span class='ocrx_word' id='word_1_299' title='bbox 738 4295 766 4349; x_wconf 91' lang='lat' dir='ltr'>in</span> <span class='ocrx_word' id='word_1_300' title='bbox 786 4295 878 4350; x_wconf 84' lang='lat' dir='ltr'>eadem</span> <span class='ocrx_word' id='word_1_301' title='bbox 899 4295 1067 4363; x_wconf 82' lang='lat' dir='ltr'>paragrapho</span> <span class='ocrx_word' id='word_1_302' title='bbox 1086 4294 1160 4348; x_wconf 88' lang='lat' dir='ltr'>locus</span> <span class='ocrx_word' id='word_1_303' title='bbox 1173 4310 1326 4348; x_wconf 89' lang='lat' dir='ltr'>commemo·</span> 
     </span>
    </p>
   </div>
   <div class='ocr_carea' id='block_1_7' title="bbox 56 4383 1326 4453">
    <p class='ocr_par' dir='ltr' id='par_1_8' title="bbox 56 4383 1326 4453">
     <span class='ocr_line' id='line_1_37' title="bbox 56 4383 1326 4453; baseline 0.002 -13"><span class='ocrx_word' id='word_1_304' title='bbox 56 4395 60 4404; x_wconf 88' lang='lat'>&#39;</span> <span class='ocrx_word' id='word_1_305' title='bbox 160 4387 303 4440; x_wconf 87' lang='lat' dir='ltr'>morandus</span> <span class='ocrx_word' id='word_1_306' title='bbox 329 4393 378 4452; x_wconf 81' lang='lat' dir='ltr'>est,</span> <span class='ocrx_word' id='word_1_307' title='bbox 397 4385 424 4438; x_wconf 88' lang='lat' dir='ltr'>in</span> <span class='ocrx_word' id='word_1_308' title='bbox 445 4401 496 4451; x_wconf 88' lang='lat' dir='ltr'>quo</span> <span class='ocrx_word' id='word_1_309' title='bbox 515 4385 562 4438; x_wconf 92' lang='lat' dir='ltr'>diu</span> <span class='ocrx_word' id='word_1_310' title='bbox 581 4400 662 4453; x_wconf 85' lang='lat' dir='ltr'>supra</span> <span class='ocrx_word' id='word_1_311' title='bbox 691 4384 788 4439; x_wconf 88' lang='lat' dir='ltr'>morati</span> <span class='ocrx_word' id='word_1_312' title='bbox 812 4401 917 4439; x_wconf 86' lang='lat' dir='ltr'>sumus:</span> <span class='ocrx_word' id='word_1_313' title='bbox 945 4385 1020 4453; x_wconf 82' lang='lat' dir='ltr'>„Nec</span> <span class='ocrx_word' id='word_1_314' title='bbox 1039 4400 1087 4438; x_wconf 88' lang='lat' dir='ltr'>nos</span> <span class='ocrx_word' id='word_1_315' title='bbox 1113 4383 1326 4451; x_wconf 87' lang='lat' dir='ltr'>impediet...“.</span> 
     </span>
    </p>
   </div>
   <div class='ocr_carea' id='block_1_8' title="bbox 160 4473 1325 4620">
    <p class='ocr_par' dir='ltr' id='par_1_9' title="bbox 160 4473 1325 4620">
     <span class='ocr_line' id='line_1_38' title="bbox 160 4473 1325 4544; baseline -0.002 -14"><span class='ocrx_word' id='word_1_316' title='bbox 160 4477 207 4532; x_wconf 90' lang='lat' dir='ltr'>ubi</span> <span class='ocrx_word' id='word_1_317' title='bbox 218 4475 314 4530; x_wconf 82' lang='lat' dir='ltr'>Cicero</span> <span class='ocrx_word' id='word_1_318' title='bbox 333 4476 465 4543; x_wconf 87' lang='lat' dir='ltr'>particula</span> <span class='ocrx_word' id='word_1_319' title='bbox 486 4475 569 4544; x_wconf 83' lang='lat' dir='ltr'>„nec“</span> <span class='ocrx_word' id='word_1_320' title='bbox 589 4474 686 4542; x_wconf 89' lang='lat' dir='ltr'>incipit</span> <span class='ocrx_word' id='word_1_321' title='bbox 705 4476 783 4542; x_wconf 85' lang='lat' dir='ltr'>plane</span> <span class='ocrx_word' id='word_1_322' title='bbox 802 4489 898 4528; x_wconf 82' lang='lat' dir='ltr'>novam</span> <span class='ocrx_word' id='word_1_323' title='bbox 918 4473 1129 4541; x_wconf 85' lang='lat' dir='ltr'>disputationem</span> <span class='ocrx_word' id='word_1_324' title='bbox 1150 4489 1208 4526; x_wconf 87' lang='lat' dir='ltr'>cum</span> <span class='ocrx_word' id='word_1_325' title='bbox 1223 4481 1325 4528; x_wconf 75' lang='lat' dir='ltr'>antece</span> 
     </span>
     <span class='ocr_line' id='line_1_39' title="bbox 161 4564 555 4620; baseline 0 0"><span class='ocrx_word' id='word_1_326' title='bbox 161 4565 287 4620; x_wconf 79' lang='lat' dir='ltr'>dentibus</span> <span class='ocrx_word' id='word_1_327' title='bbox 305 4581 358 4620; x_wconf 87' lang='lat' dir='ltr'>non</span> <span class='ocrx_word' id='word_1_328' title='bbox 377 4564 555 4620; x_wconf 84' lang='lat' dir='ltr'>coniunctam.</span> 
     </span>
    </p>
   </div>
   <div class='ocr_carea' id='block_1_9' title="bbox 0 0 1642 5434">
    <p class='ocr_par' dir='ltr' id='par_1_10' title="bbox 0 0 1642 5434">
     <span class='ocr_line' id='line_1_40' title="bbox 0 0 1642 5434; baseline 0 0"><span class='ocrx_word' id='word_1_329' title='bbox 0 0 1642 5434; x_wconf 95' lang='lat' dir='ltr'> </span> 
     </span>
    </p>
   </div>
  </div>
 </body>
</html>
