3274 5434
855 1441 913 1506 ΠΙ.

514 1605 565 1672 De
588 1622 640 1682 eo,
664 1603 755 1686 quod
779 1605 857 1671 fleri
881 1606 1000 1688 potest
1023 1603 1073 1684 (τὸ
1100 1602 1264 1688 δυνατόν).

411 1746 566 1811 Liberam
590 1746 798 1813 voluntatem
815 1745 929 1811 Cicero
955 1751 974 1827 ξ
1001 1747 1038 1809 11
1057 1746 1228 1810 contendit
1252 1746 1331 1825 tolli,
1355 1746 1402 1824 „si
1420 1746 1474 1812 vis

305 1862 338 1920 et
361 1860 481 1918 natura
504 1853 564 1917 lati
592 1874 633 1918 ex
665 1852 880 1920 divinationis
911 1853 1037 1917 ratione
1069 1852 1286 1918 lirinabitur“.
1334 1853 1473 1920 Divina-

305 1961 430 2026 tionem
466 1961 556 2024 enim
591 1961 735 2044 positam
771 1982 842 2025 esse
865 1961 899 2023 in
925 1960 1120 2026 necessitate
1151 1960 1362 2026 immutabili.
1409 1963 1472 2027 De-

306 2074 471 2133 monstrat
505 2067 607 2151 igitur
630 2067 788 2132 Ciceros
823 2067 930 2151 capite
966 2072 1058 2132 sexto
1095 2088 1203 2152 usque
1237 2067 1281 2132 ad
1315 2075 1472 2134 octavum

306 2175 434 2240 Stoicos
458 2174 513 2239 1110
538 2181 746 2259 argumento,
772 2196 839 2258 quo
863 2175 970 2239 latum
994 2175 1079 2238 tueri
1104 2174 1270 2252 studeant,
1297 2175 1364 2240 scil.
1391 2175 1471 2242 divi-

308 2282 453 2360 natione,
478 2281 601 2347 invitos
626 2303 664 2346 eo
689 2281 820 2359 adduci,
844 2288 882 2346 ut
913 2303 1146 2367 quaecumque
1169 2304 1189 2346 a
1212 2283 1280 2346 fato
1304 2282 1472 2368 pendeant

307 2388 493 2455 necessario
516 2389 586 2453 fieri
622 2409 660 2453 ac
684 2409 900 2473 nequaquam
935 2395 1048 2453 nostro
1083 2389 1194 2454 labore
1228 2390 1353 2454 mutari
1376 2412 1472 2475 posse

307 2497 536 2561 confiteantur.
595 2496 713 2579 ltaque
749 2495 777 2559 si
819 2495 975 2580 astrologi
1015 2502 1101 2560 recte
1153 2495 1377 2564 concludunt:
1416 2497 1471 2576 „Si

308 2603 383 2688 quis
408 2603 533 2667 oriente
558 2602 717 2667 Canicula
740 2608 839 2667 natus
864 2607 921 2680 est,
953 2602 1040 2667 isin
1071 2603 1155 2668 mari
1187 2625 1255 2668 non
1279 2604 1469 2684 morietur,“

308 2711 389 2775 baec
425 2709 615 2774 coniunctio
650 2709 712 2775 erit
747 2731 786 2774 ex
811 2709 1098 2795 repugnantibus:
1139 2716 1190 2775 »et
1220 2717 1268 2776 est
1292 2711 1416 2777 Fabius
1440 2719 1472 2777 et

307 2818 343 2881 in
366 2817 450 2880 mari
474 2816 678 2894 morietur“;
717 2838 794 2902 ergo
830 2815 912 2880 illud
949 2817 1130 2895 „morietur
1157 2817 1194 2881 in
1217 2815 1301 2883 mari
1326 2818 1469 2884 Fabius“

307 2946 348 2989 ex
373 2945 411 2989 eo
434 2944 555 3008 genere
580 2923 754 3008 est-quod
777 2924 845 2988 fieri
872 2945 940 2988 non
964 2930 1082 3008 potest.

415 3030 533 3095 Omnis
566 3036 680 3095 autem
715 3031 796 3095 haec
831 3032 1075 3115 argumentatio
1111 3054 1149 3097 eo
1185 3031 1309 3098 directa
1344 3040 1402 3110 est,
1435 3041 1472 3099 ut

309 3137 504 3204 ostendatur
540 3138 766 3223 Chrysippum
802 3138 859 3202 tali
895 3138 1022 3203 ratione
1045 3139 1204 3205 vaticinia
1230 3141 1471 3226 approbantem

308 3246 416 3310 facere
449 3266 517 3309 nou
553 3266 661 3329 posse,
694 3246 777 3329 quin
815 3266 891 3308 curn
917 3245 1063 3310 Diodoro
1087 3247 1253 3331 Megarico
1277 3249 1470 3325 consentiat,

308 3351 367 3436 qui
392 3350 446 3430 „id
472 3351 578 3416 solum
610 3351 680 3416 fieri
716 3372 813 3437 posse
838 3351 967 3428 dixerit,
1004 3352 1093 3436 quod
1118 3359 1176 3418 aut
1209 3354 1251 3418 sit
1273 3375 1391 3419 verum
1414 3361 1471 3420 aut

307 3458 459 3523 futurum
484 3458 526 3522 sit
548 3465 697 3522 verum.¹‘

415 3564 454 3630 Id
477 3565 588 3650 ipsum
614 3571 727 3630 autem
742 3564 888 3650 negabat
903 3566 1121 3652 Chrysippus,
1147 3568 1188 3632 ci.
1213 3568 1235 3653 ξ
1263 3570 1322 3636 12:
1350 3568 1472 3654 „vigila

309 3672 506 3758 Chrysippe,
530 3693 573 3736 ne
597 3678 690 3737 tuam
715 3694 861 3750 causam,
886 3673 922 3736 in
958 3695 1025 3759 qua
1048 3673 1108 3739 tibi
1136 3696 1214 3739 cum
1238 3675 1394 3754 Diodoro
1418 3699 1470 3742 va·

311 3780 398 3844 lente
423 3779 603 3858 dialectico,
629 3802 753 3865 magna
776 3780 911 3845 luctatio
936 3789 994 3860 est,
1020 3781 1184 3860 deseras,“
1210 3789 1242 3847 et
1266 3783 1288 3869 ξ
1314 3785 1374 3852 13;
1407 3785 1472 3864 „At

308 3887 381 3965 hoc,
406 3887 601 3972 (ihrysippe,
627 3887 765 3952 minime
788 3888 839 3954 vis
866 3895 957 3952 ...‘⁴.

419 3995 471 4058 Ex
495 3994 618 4079 quibus
653 4001 791 4080 apparet
814 3995 1001 4081 Chrysippo
1031 3997 1099 4061 iam
1133 3996 1175 4061 ab
1199 3998 1395 4083 aequalibus
1418 3999 1470 4064 ob-

308 4103 432 4166 iectum
449 4123 519 4165 esse
536 4101 662 4166 Stoicos
679 4101 768 4166 idem
782 4101 899 4167 docere
915 4110 1015 4188 atque
1033 4103 1227 4182 Diodorum,
1245 4105 1470 4192 Chrysippum

309 4215 421 4273 autem
445 4209 533 4273 hanc
566 4209 766 4274 sententiam
800 4209 1016 4275 vehementer
1038 4211 1265 4296 impugnasse,
1290 4213 1344 4278 cui
1368 4214 1470 4279 011111-

310 4315 461 4401 stipulari
485 4322 666 4400 cogeretur,
699 4315 801 4400 probe
826 4316 949 4382 sciebat
973 4316 1013 4382 de
1037 4317 1141 4383 libera
1163 4319 1344 4398 voluntate,
1369 4343 1470 4407 quam

308 4430 420 4488 tenere
444 4422 585 4500 volebat,
611 4430 723 4488 actum
748 4446 827 4488 esse.
886 4424 1013 4489 Eadem
1048 4425 1150 4509 igitur
1184 4429 1470 4510 argumentatione

309 4537 424 4615 postea
447 4537 478 4594 et
502 4530 689 4595 Carneades
713 4531 869 4596 utebatur
892 4537 924 4596 et
947 4532 1070 4598 Cicero.
