3274 5434
769 340 988 404 ..22-

408 539 448 602 ln
473 535 690 622 sequentibus
714 541 826 602 autem
850 541 1004 620 apertum
1028 541 1077 600 est
1100 535 1241 600 eandem
1272 531 1467 618 disputandi

301 645 465 710 rationem
489 644 583 730 aequi
608 644 811 721 Ciceronem,
837 665 940 728 quam
964 643 1149 725 §sao-32
1173 641 1306 708 ostendi
1330 640 1373 725 (p.
1403 639 1462 726 12).

303 753 428 818 Contra
441 751 567 816 Stoicos
592 750 750 836 disputat,
775 750 831 816 sed
850 757 887 815 ut
910 751 965 816 via
981 749 1138 836 procedat
1161 771 1277 814 eorum
1301 747 1465 825 refutatio

307 859 404 925 certis
428 859 508 924 locis
537 859 628 944 ipsos
657 858 864 924 adversarios
888 856 1069 922 Carneadis
1101 854 1357 922 deductionibus
1380 854 1466 920 oblo-

301 972 442 1052 quentes
475 965 563 1030 iacit.
609 966 661 1032 lta
684 965 773 1030 enirn
807 966 870 1046 §8
896 963 1099 1050 respondent
1122 963 1241 1029 Stoici:
1277 963 1342 1041 „At
1366 962 1464 1039 enim,

302 1074 464 1158 quoniam
487 1072 522 1137 in
546 1073 674 1137 naturis
698 1072 875 1136 hominum
899 1070 1187 1136 dissimilitudines
1211 1076 1298 1147 sunt,
1323 1075 1362 1134 ut
1385 1069 1465 1134 alios

302 1179 421 1257 dulcia,
446 1180 528 1245 alios
552 1179 731 1245 subamara
754 1178 927 1255 delectent,
952 1178 1007 1244 alii
1032 1177 1211 1256 libidinosi,
1236 1178 1292 1242 alii
1314 1175 1465 1241 iracundi

301 1293 360 1352 aut
383 1285 533 1352 crudeles
561 1293 620 1351 aut
643 1285 777 1371 superbi
803 1286 878 1364 sint,
903 1286 959 1350 alii
982 1285 1105 1351 talibus
1129 1285 1218 1351 vitiis
1247 1285 1464 1360 abhorreant;

301 1393 464 1479 quoniam
487 1394 590 1478 igitur
612 1399 744 1458 tantum
767 1400 889 1458 natura
911 1415 932 1458 a
954 1399 1075 1458 natura
1098 1392 1208 1471 distat,
1233 1391 1315 1477 quid
1342 1391 1464 1456 mirum

302 1507 351 1566 est
363 1501 423 1566 has
437 1500 725 1566 dissimilitudines
739 1522 779 1565 ax
797 1499 1028 1566 differentibus
1046 1501 1154 1564 causis
1172 1521 1242 1564 esse
1259 1499 1409 1563 laetas?“
1424 1537 1466 1548 —

301 1608 414 1673 Huius
438 1607 673 1692 disputationis
697 1629 783 1692 quae
807 1608 849 1672 sit
880 1628 1023 1685 summa,
1049 1613 1158 1692 patet:
1192 1606 1382 1671 differentes
1412 1627 1466 1670 na-

303 1721 394 1780 turas
418 1714 594 1778 hominum
620 1716 724 1779 factas
748 1735 818 1779 esse
843 1719 994 1799 oportere
1027 1736 1067 1779 ex
1092 1713 1323 1778 differentibus
1347 1712 1465 1790 caucia,

301 1821 323 1886 i.
349 1843 375 1886 e.
401 1843 442 1886 ex
477 1821 609 1887 diversa
644 1827 763 1885 natura
788 1821 850 1886 loci
874 1821 927 1886 vel
957 1821 1171 1886 collocatione
1196 1820 1353 1886 siderum.
1401 1819 1467 1884 Sed

301 1928 472 2014 bocmedo
485 1927 632 1993 vidimus
641 1928 835 1993 Ciceronem
848 1927 986 2013 quidem
998 1949 1066 1993 non
1078 1927 1223 2006 infitiari,
1236 1928 1342 1992 immo
1354 1933 1466 2012 aperte

301 2035 413 2121 ipsum
437 2035 586 2100 confiteri
611 2035 663 2120 (ct.
690 2057 792 2120 supra
815 2059 847 2121 p.
873 2035 939 2118 21).
980 2035 1105 2100 lerum
1129 2035 1232 2120 igitur
1254 2035 1468 2119 neglegenter

302 2143 369 2228 egit
392 2142 515 2220 Cicero,
541 2163 617 2206 cum
642 2141 686 2220 id,
712 2141 802 2228 quod
825 2143 1063 2226 gravissimum
1096 2149 1165 2206 erat
1196 2141 1466 2207 contradictionis

302 2248 579 2325 adversariorum,
619 2249 794 2314 omitteret.
841 2249 930 2313 Nam
953 2249 1067 2314 Cicero
1092 2249 1299 2314 Carneadem
1334 2254 1466 2314 secutus

301 2356 335 2420 id
367 2356 445 2440 agit,
480 2362 517 2420 ut
549 2356 591 2420 ad
629 2356 840 2422 actiones
873 2357 1107 2440 contagionem
1140 2356 1187 2421 nil
1211 2356 1321 2422 valere
1352 2356 1467 2420 doceat

301 2470 401 2548 atque
433 2463 512 2528 huic
543 2463 606 2547 ipsi
640 2463 839 2548 expositioni
863 2463 1090 2549 Chrysippum
1114 2463 1250 2548 obloqui
1273 2463 1467 2528 Ciceronem

301 2570 446 2636 voluisse
470 2575 608 2634 testatur
625 2569 669 2648 id,
687 2569 778 2655 quod
795 2570 908 2634 Cicero
932 2571 984 2652 §9
1009 2570 1127 2635 Stoicis
1144 2569 1343 2654 respondet:
1370 2570 1465 2648 „Non

302 2677 402 2755 enim,
429 2677 456 2741 si
480 2677 535 2742 alii
560 2676 602 2741 ad
627 2676 692 2741 alia
714 2677 946 2763 propensiores
974 2677 1041 2742 sint
1064 2683 1200 2764 propter
1232 2698 1349 2742 causas
1372 2680 1431 2742 nat
1456 2716 1465 2724 -

302 2783 387 2849 rales
411 2791 444 2848 et
475 2783 719 2862 antecedentes,
751 2784 873 2849 idcirco
906 2784 1006 2849 etiam
1039 2791 1230 2850 nostrarum
1254 2784 1466 2849 voluntatum

301 2884 401 2977 atque
430 2890 673 2976 appetitionum
707 2897 786 2956 sunt
816 2912 936 2956 causae
968 2891 1136 2956 naturales
1167 2897 1199 2956 et
1222 2890 1464 2956 antecedentes.

301 2998 389 3062 Nam
414 2997 499 3062 nibil
523 3003 608 3062 esset
632 2997 667 3061 in
691 3003 805 3062 nostra
827 3004 1000 3083 potestate,
1036 2999 1063 3063 si
1092 3020 1143 3064 res
1174 2999 1221 3063 ita
1253 3020 1287 3063 se
1318 2997 1464 3064 haberet.

300 3105 399 3170 Nunc
431 3126 510 3171 vero
543 3105 696 3183 fatemur,
732 3106 822 3170 acuti
856 3104 1045 3183 bebatesne,
1082 3106 1231 3173 valentes
1264 3104 1465 3172 imbecilliue

302 3212 417 3289 simus,
442 3233 510 3276 non
535 3233 605 3276 esse
629 3212 663 3276 id
687 3211 722 3276 in
745 3211 852 3277 nobis.
901 3212 967 3289 uui
991 3220 1103 3278 autem
1128 3235 1169 3278 ex
1197 3235 1235 3278 eo
1264 3213 1337 3298 cogi
1370 3218 1466 3298 putat

301 3340 343 3383 ne
367 3325 405 3383 ut
428 3318 603 3383 sedeamus
628 3319 764 3402 quidem
788 3326 847 3383 aut
876 3317 1087 3384 ambulemus
1117 3319 1299 3386 voluntatis
1323 3341 1403 3398 esse,
1436 3321 1465 3384 is

300 3447 369 3490 non
392 3424 492 3503 videt,
518 3446 604 3510 quae
635 3447 806 3510 quamque
830 3447 901 3490 rem
932 3447 983 3490 res
1016 3432 1183 3511 sequatur.
1233 3427 1278 3492 Ut
1310 3427 1399 3492 enim
1434 3433 1465 3490 et

300 3531 465 3616 ingeniosi
489 3539 521 3596 et
545 3531 629 3596 tardi
654 3532 700 3597 ita
723 3537 905 3597 nascantur
928 3532 1201 3598 antecedentibus
1225 3533 1344 3611 causis
1373 3534 1463 3598 item·

300 3908 417 3976 pendent
435 3923 452 3961 a
469 3906 624 3962 differentia
644 3907 711 3962 caeli
731 3907 820 3962 Attici
834 3913 862 3961 et
876 3907 1006 3973 Thebani,
1027 3907 1080 3961 nisi
1099 3909 1169 3975 quod
1188 3908 1278 3964 verbis
1299 3909 1380 3978 „quid
1393 3912 1463 3964 enim

302 4005 402 4051 natura
420 3996 472 4051 loci
491 3997 587 4051 afferre
606 3998 713 4064 potest“
742 3998 808 4051 haec
828 3997 984 4051 differentia
1007 3998 1161 4066 generalius
1180 4015 1259 4065 quarn
1280 4008 1361 4053 antea
1380 4001 1463 4068 expri-

300 4087 391 4140 mitur.
418 4086 516 4154 Itaque
531 4086 834 4155 „diiungo“te11endum
853 4095 903 4156 est,
916 4088 987 4154 quod
1007 4087 1130 4154 equidem
1145 4088 1185 4142 ita
1197 4095 1263 4155 puto
1276 4089 1462 4156 explicandum

299 4192 371 4230 esse:
391 4177 514 4243 exemplu
533 4191 641 4244 quaere,
660 4193 729 4244 quae
748 4177 855 4245 longius
880 4176 979 4231 absunt
998 4193 1014 4230 a
1032 4177 1183 4244 suspicione
1204 4179 1380 4246 contagionis.
1418 4181 1462 4235 Ni-

299 4265 404 4334 mirum,
424 4265 446 4318 si
466 4265 526 4332 quis
546 4265 656 4319 consilio
677 4283 723 4332 pro
742 4267 851 4321 Zenone
871 4265 1087 4333 Theophrastum
1107 4267 1267 4336 nregistrum
1293 4268 1345 4322 sibi
1371 4271 1461 4340 elegit,

299 4360 388 4422 potest
408 4355 456 4408 hoc
474 4353 570 4408 reterri
600 4356 634 4408 ad
664 4355 731 4409 caeli
758 4355 821 4425 vim,
841 4355 891 4409 sub
919 4371 970 4421 quo
989 4362 1069 4410 uatus
1089 4364 1137 4413 est.
1175 4357 1205 4410 Si
1232 4356 1291 4423 quis
1309 4357 1338 4411 in
1358 4359 1462 4426 porticu

299 4443 411 4510 Pompei
423 4443 560 4497 ambulare
574 4443 659 4511 malit,
676 4461 755 4511 quam
777 4444 805 4498 in
820 4461 920 4514 eampo,
940 4460 1017 4498 nemo
1037 4461 1117 4498 sanus
1136 4447 1164 4501 in
1177 4447 1245 4499 hanc
1258 4447 1461 4515 explicationem

298 4531 404 4588 incidit.
