3274 5434
659 373 853 438 ..7-

171 591 269 657 veras
298 575 356 634 aut
379 571 478 636 falsas
503 593 582 636 esse.
607 569 848 636 -Accedunt
881 575 994 636 autem
1028 571 1190 656 graviora,
1216 571 1338 656 quibus

172 677 292 742 eadem
307 677 568 742 'commendetur
590 677 789 743 coniectura.

278 801 312 866 A
337 801 447 867 verbis
471 802 570 882 enim,
596 824 682 887 quae
706 803 773 867 iarn
797 808 985 888 sequuntur
1006 801 1044 889 (ξ
1067 804 1138 885 28);
1165 801 1254 881 „Nec
1277 823 1339 867 nos

172 908 355 995 impediet‘
380 909 479 995 plane
502 931 591 976 nova
614 910 731 995 incipit
754 910 1018 995 argumentatio;
1043 911 1153 995 agitur
1170 909 1260 974 enim
1283 931 1337 995 pa-

172 1017 347 1102 ragraphis
382 1016 636 1102 insequentibus
671 1017 711 1082 de
745 1017 869 1102 ignava
913 1017 1050 1094 ratione,
1087 1038 1173 1102 quae
1208 1016 1337 1094 dicitur,

172 1145 277 1210 quam
302 1123 491 1209 philosophi
515 1124 633 1189 Graeci
657 1123 758 1214 ἀργὸν
782 1123 878 1208 λόγον
901 1124 1123 1210 appellabant.
1172 1124 1267 1200 Quae
1291 1145 1338 1188 ra-

172 1233 219 1296 tio
243 1230 351 1316 qualis
375 1230 426 1309 sit,
452 1251 617 1316 exponere
641 1231 850 1316 supersedeo,
875 1232 1001 1318 quippe
1022 1253 1109 1316 quae
1137 1252 1157 1296 a
1180 1230 1338 1296 Cicerone

172 1339 246 1423 ipso
285 1336 428 1402 dilucide
463 1359 619 1422 expressa
654 1339 706 1402 sit.
755 1337 819 1404 Sed
855 1360 932 1404 curn
966 1345 1035 1403 tota
1069 1338 1152 1403 haec
1176 1337 1338 1423 expositio

174 1445 268 1509 nullo
291 1446 359 1510 lere
382 1444 517 1510 vinculo
550 1445 708 1530 cumeis,
733 1465 820 1530 quae
848 1445 1059 1522 antecedunt,
1084 1446 1263 1510 coniuncta
1286 1445 1337 1523 sit,

172 1552 323 1637 quaestio
359 1552 514 1629 exoritur,
551 1551 715 1638 quidnam
744 1552 858 1617 Cicero
892 1553 955 1618 hac
990 1558 1083 1639 parte
1116 1558 1249 1618 secutus
1285 1552 1336 1631 sit,

172 1665 289 1723 utrum
324 1659 448 1744 ignava
472 1658 598 1724 ratione
622 1657 749 1724 Stoicos
773 1659 908 1745 aggredi
932 1681 975 1724 an
999 1660 1126 1725 ratione
1151 1659 1338 1745 improbata

174 1787 231 1832 eos
254 1764 413 1831 adiuvare
450 1766 589 1830 studeat.
638 1766 822 1832 Videamus
845 1767 964 1852 prime,
989 1767 1072 1852 quid
1096 1766 1271 1832 Schmekel
1296 1766 1336 1831 de

173 1895 208 1938 re
231 1872 363 1952 iudicet,
389 1894 596 1959 quamquam
613 1894 681 1938 non
697 1874 803 1938 multa
819 1879 907 1952 sunt,
924 1895 1011 1959 quae
1025 1873 1106 1938 dicit
1122 1871 1165 1960 (p.
1187 1875 1248 1939 166
1260 1873 1336 1960 m.):

173 1980 272 2044 Diese
296 1980 536 2065 Berichtigung
558 1980 649 2065 giebt
672 1980 924 2065 Veranlassung
947 2003 989 2045 zu
1013 1981 1072 2046 der
1094 1981 1337 2047 Auseinander-

173 2092 312 2172 setzung
335 2085 418 2151 iiber
441 2086 506 2152 den
531 2108 643 2172 sogen.
670 2087 768 2177 ἀργὸς
783 2085 885 2171 λόγος,
898 2088 933 2152 in
951 2087 1090 2152 welcher
1101 2087 1229 2173 gezeigt
1244 2086 1336 2166 wird,

173 2193 250 2259 dass
274 2193 327 2259 die
350 2193 457 2259 Lehre
488 2193 673 2280 Chrysipps
703 2201 785 2260 trotz
822 2195 930 2260 seines
953 2194 1229 2280 Widerspruches
1253 2194 1337 2260 eben

175 2300 289 2366 diesen
313 2300 412 2391 ἀργὸς
435 2303 528 2385 λόγος
552 2322 611 2366 zur
633 2300 736 2387 Folge
759 2301 845 2367 habe
869 2341 910 2350 -
935 2307 1022 2388 etp.
1050 2302 1110 2366 171
1135 2307 1232 2368 extr:
1257 2301 1337 2368 Also
1395 2345 1397 2349 ,

172 2408 217 2473 ist
240 2407 293 2472 die
317 2408 508 2494 Folgerung
531 2408 589 2474 des
613 2409 712 2498 α’ργὸς
735 2406 827 2492 λόγος
851 2430 936 2474 zuar
959 2409 1044 2474 auch
1058 2409 1132 2474 eine
1146 2407 1338 2494 Folgerung

176 2514 236 2579 der
270 2515 436 2580 stoischen
460 2514 566 2580 Lehre
590 2514 661 2580 und
685 2515 774 2580 diese
798 2515 898 2580 sumit
921 2514 1091 2600 widerlegt
1105 2567 1111 2578 .
1127 2567 1132 2577 .
1150 2566 1155 2578 .
1170 2567 1176 2579 .
1191 2514 1337 2580 Arbitra-

127 2627 130 2632 '
173 2629 229 2687 tur
251 2621 352 2707 igitur
375 2622 550 2687 Schmekel
573 2623 661 2688 hanc
684 2623 848 2687 rationem
871 2622 1029 2708 ignavam
1053 2644 1073 2687 a
1097 2622 1254 2687 Cicerone
1283 2623 1337 2688 vel

173 2751 194 2794 a
218 2727 388 2794 Carneade
424 2728 541 2794 Stoicis
573 2728 780 2815 exprobrari;
806 2736 838 2794 et
870 2730 1026 2815 quamvis
1060 2729 1268 2815 Chrysippus
1291 2730 1335 2808 id,

174 2836 265 2922 quod
301 2836 482 2902 adversarii
515 2857 532 2901 e
568 2835 719 2921 doctrina
742 2858 804 2901 sua
826 2836 992 2922 colligant,
1017 2836 1165 2901 refellere
1189 2843 1335 2916 conetur,

173 2944 261 3008 hanc
291 2944 433 3028 ignavae
457 2943 594 3008 rationis
630 2942 921 3029 exprobrationem
957 2943 1177 3008 nihilominus
1212 2943 1336 3008 iustam

173 3071 253 3138 esse.
302 3051 413 3126 Quam
437 3050 501 3115 viri
524 3049 706 3115 doctissimi
730 3051 924 3136 opinionem
948 3072 988 3116 ex
1011 3049 1084 3136 ipso
1109 3050 1266 3116 Cicerone
1291 3073 1335 3116 re-

173 3159 281 3222 futare
304 3178 401 3242 posse
425 3157 509 3222 mihi
532 3157 655 3222 videor.
688 3157 805 3242 Itaque
830 3163 867 3222 ut
890 3178 1141 3242 cognoscamus,
1166 3157 1336 3243 quomodo

172 3264 418 3349 argumentatio
441 3263 665 3349 intellegenda
686 3263 739 3343 sit,
764 3265 913 3350 singulas
937 3265 1129 3342 sententias,
1155 3286 1241 3350 quae
1266 3265 1335 3350 qui-

173 3371 250 3436 dem
273 3371 352 3437 huic
376 3371 422 3437 rei
446 3371 560 3437 lumen
584 3371 774 3451 adhibeant,
799 3372 1041 3437 examinemus.

281 3514 396 3579 Oritur
411 3513 573 3600 expositio
589 3536 610 3578 a
625 3513 750 3580 verbis:
777 3513 867 3594 „Nec
883 3535 944 3579 nos
959 3513 1120 3599 impediet
1142 3514 1199 3579 illa
1213 3514 1338 3600 ignava

172 3621 287 3687 ratio‘.
322 3623 415 3697 Quae
428 3620 530 3687 verba
541 3621 719 3686 Turnebus
729 3620 752 3708 ¹)
765 3622 811 3685 ita
826 3621 1148 3707 interpretatur:.‚,Si
1164 3621 1199 3685 in
1215 3621 1336 3687 tuturis

172 3727 477 3793 immutabilitatem
506 3728 708 3793 Diodoream
745 3734 941 3806 statuamus
976 3751 1043 3793 non
1078 3728 1238 3814 impediet
1274 3750 1335 3794 nos

174 3836 298 3920 ignava
321 3836 413 3914 ratio,
439 3841 477 3900 ut
506 3857 562 3900 eos
592 3834 742 3921 impedit,
775 3835 834 3920 qui
863 3836 971 3900 iatum
1003 3842 1152 3921 ponunt:
1189 3857 1269 3899 nam
1299 3835 1335 3899 in

172 3942 385 4008 dissolvenda
408 3940 505 4008 valde
534 3941 717 4019 laborant“,
747 3943 768 4008 i.
794 3965 820 4008 e.
847 3965 908 4008 nos
938 3941 1076 4028 quidem
1105 3943 1167 4007 hac
1197 3942 1334 4022 ratione,

172 4071 241 4136 qua
257 4049 357 4115 Stoici
372 4049 556 4114 admodum
572 4057 780 4135 premuntur,
805 4050 944 4114 minime
960 4048 1172 4134 impedimur.
1206 4048 1337 4114 Eadem·

171 4157 275 4242 igitur
287 4156 435 4222 Turnebi
458 4162 558 4241 atque
575 4156 775 4223 Schmekelii
792 4156 957 4222 sententia
980 4163 1038 4234 est,
1067 4155 1228 4240 quoniam
1251 4163 1335 4221 uter-

279 4492 298 4561 ¹)
315 4494 344 4548 in
363 4493 465 4548 Moseri
484 4491 602 4547 editione
621 4492 758 4547 Ciceronis
773 4492 816 4548 De
830 4492 996 4562 divinatione
1018 4498 1046 4547 et
1065 4492 1108 4546 De
1121 4491 1178 4546 fato
1197 4491 1334 4561 librorum,

171 4583 296 4642 rancor.
314 4585 349 4639 ad
367 4582 458 4641 Moen.
479 4585 555 4651 1828,
574 4598 599 4650 p.
620 4585 679 4636 678.
