3274 5434
776 383 996 450 *56-

307 579 427 645 sterius
451 601 559 664 genus
583 601 602 644 a
628 579 816 665 Chrysippo
839 579 951 663 ipsum
976 600 1110 664 quoque
1134 580 1240 643 fatum
1266 563 1492 654 nominetur,

306 686 348 751 ab
371 680 569 754 adversariis
593 693 707 752 autem
729 687 833 774 non¹).

413 811 512 876 Hanc
536 812 745 890 sententiam,
771 833 857 896 quae
881 812 926 898 ἕξ
949 813 993 875 44
1017 817 1049 875 64
1071 812 1114 875 45
1138 811 1313 896 profertur,
1344 811 1477 894 quomi-

309 940 372 982 nus
397 917 577 982 Carneadis
602 940 672 983 esse
696 919 874 1004 opinemur
897 920 1007 1004 plures
1025 939 1144 982 causae
1161 916 1349 1002 prohibent.
1398 917 1478 980 Car·

309 1025 430 1090 neades
454 1025 544 1089 enim
568 1047 637 1090 non
662 1025 770 1089 solnm
794 1046 911 1090 causas
944 1025 1141 1091 adiuvantes
1165 1023 1248 1110 (sine
1272 1023 1395 1109 quibus
1419 1023 1477 1088 ali-

308 1132 390 1217 quid
414 1153 482 1195 non
507 1131 663 1218 efficitur)
697 1154 765 1196 non
800 1132 950 1218 agnoscit
973 1130 1006 1218 (ξ
1036 1133 1096 1196 36;
1135 1152 1217 1209 „nee
1241 1130 1284 1208 id,
1310 1130 1381 1194 sine
1406 1151 1476 1215 quo

309 1239 482 1324 quidpiam
506 1260 574 1302 non
599 1239 644 1316 fit,
669 1259 770 1303 causa
794 1244 887 1320 est‘t
917 1238 974 1304 sed
998 1239 1099 1304 etiam
1115 1239 1223 1302 fatum
1240 1237 1398 1302 acerrime
1415 1237 1478 1300 im-

240 1340 249 1358 '
309 1351 448 1430 pugnat,
484 1345 609 1430 quippe
634 1345 724 1431 <quod
757 1366 825 1409 non
849 1346 955 1430 possit
985 1346 1215 1411 necessitatem
1239 1366 1308 1409 non
1332 1346 1417 1409 ferre
1442 1349 1480 1409 et

309 1452 452 1516 liberum
476 1449 651 1516 arbitrium
675 1451 821 1537 delere2).

415 1577 544 1641 Tamen
568 1577 796 1642 Schmekelius
820 1577 873 1642 vel
896 1576 997 1642 huius
1021 1577 1123 1662 partis
1148 1576 1312 1662 originem
1335 1576 1479 1640 Carnea-

310 1683 408 1748 deam
431 1689 569 1748 conatus
593 1689 642 1748 est
665 1683 841 1748 defendere
866 1681 908 1769 (p.
938 1685 998 1748 178
1032 1691 1112 1749 extr.
1160 1683 1219 1748 Bei
1252 1683 1361 1748 seiner
1396 1683 1479 1748 Ver-

310 1791 469 1874 mittlnng
484 1828 527 1835 -
549 1791 609 1854 179
626 1789 831 1875 unbedingte
849 1790 1117 1875 Notwendtgkeit
1132 1789 1247 1876 lehre).
1294 1789 1345 1854 ita
1363 1795 1479 1854 autem

312 1897 508 1982 opinionem
532 1917 628 1960 suam
663 1902 784 1974 tuetur,
809 1904 847 1961 ut
869 1917 889 1961 a
911 1897 933 1981 ξ
956 1898 997 1961 44
1034 1895 1207 1981 usquead
1231 1897 1274 1960 45
1297 1895 1480 1981 Chrysippi

311 2004 510 2068 sententiam
535 2003 666 2089 copiose
691 2003 894 2068 aCarneade
911 2010 1109 2081 enarratam,
1128 2002 1248 2068 deinde
1264 2003 1298 2066 in
1317 2024 1355 2068 ea
1370 2007 1477 2089 parte,

311 2131 397 2195 quae
421 2117 497 2195 post
519 2110 541 2196 ξ
563 2111 606 2174 45
630 2109 761 2187 excidit,
786 2111 1021 2195 impugnatam
1036 2131 1106 2175 esse
1123 2109 1219 2174 dicat.
1268 2110 1330 2174 Cui
1351 2109 1479 2174 coniec-

311 2224 404 2281 turae
429 2217 568 2280 minime
599 2237 737 2301 possum
760 2217 965 2302 adstipulari.
1012 2217 1115 2281 Plane
1151 2216 1240 2281 enim
1276 2223 1326 2281 est
1360 2222 1479 2280 contra

312 2323 475 2388 rationem
507 2324 577 2387 eius
609 2322 853 2408 disputationis
889 2345 956 2409 qua
979 2323 1092 2389 Cicero
1116 2323 1138 2408 ξ
1164 2325 1269 2388 1-38
1294 2323 1407 2400 utitur,
1441 2328 1481 2386 ut

312 2437 465 2495 accurate
489 2430 671 2495 sententiae
695 2429 873 2516 Chrysippi
907 2432 1093 2494 referantur
1116 2436 1148 2494 et
1172 2451 1249 2494 cum
1279 2429 1480 2495 adversariis

312 2537 537 2602 correilientnr.
585 2536 748 2602 Videmus
773 2538 862 2602 enirn
886 2537 977 2620 illam
1001 2542 1033 2602 et
1056 2558 1192 2602 omnem
1222 2536 1381 2601 directam
1406 2557 1479 2600 esse

312 2650 470 2709 eontra
493 2644 720 2729 Chrysippum
745 2650 777 2708 et
801 2666 933 2708 summa
956 2645 1116 2709 brevitate
1153 2644 1202 2708 uti
1235 2644 1270 2708 in
1295 2641 1478 2708 referendis

313 2751 528 2836 Chrysippeis
564 2750 787 2835 opinionibus
823 2757 855 2816 et
879 2751 1087 2836 Chrysippea
1122 2771 1160 2816 eo
1184 2756 1316 2815 tantum
1339 2749 1478 2814 consilio

315 2857 476 2936 adhiberi,
501 2864 539 2920 ut
562 2857 674 2921 statim
691 2858 917 2942 profligentur.
967 2858 1078 2935 Quare
1095 2857 1122 2921 si
1139 2857 1177 2920 A.
1193 2855 1320 2921 Cercke
1337 2856 1383 2941 (p.
1402 2855 1480 2940 693)

314 2965 454 3029 unicum
490 2963 590 3028 libelli
615 2965 742 3028 fontem
766 2963 920 3029 Antiochi
947 2963 1157 3029 Ascalonitae
1193 2963 1407 3041 scriptionem
1430 2962 1444 3024 4
1469 2999 1480 3007 -

312 3071 377 3136 isse
393 3079 514 3148 censet,
538 3070 601 3134 hoe
619 3070 659 3134 de
675 3071 791 3136 ceteris
816 3071 953 3154 quidem
976 3070 1051 3135 libri
1069 3071 1118 3135 De
1141 3071 1210 3135 fato
1233 3069 1383 3154 partibus
1406 3069 1480 3132 iure

314 3184 414 3262 negat
447 3177 632 3255 Schmekel
658 3177 716 3242 sed
751 3178 858 3263 placet
892 3178 980 3242 illius
1015 3177 1180 3242 sententia
1209 3177 1245 3240 in
1268 3175 1313 3262 ἓξ
1335 3175 1479 3253 atr-45,

314 3307 400 3370 quae
424 3285 634 3349 Ascalonitae
668 3305 761 3349 more
797 3285 1039 3351 diversissimas
1074 3284 1352 3369 philosophorum
1375 3282 1481 3368 opini-

314 3413 394 3456 ones
428 3393 514 3456 inter
548 3413 582 3456 se
606 3392 780 3457 conciliare
817 3399 849 3456 et
883 3391 925 3456 ad
956 3413 1060 3456 unam
1096 3391 1296 3456 sententiam
1330 3389 1481 3473 redigere

315 3499 464 3564 student.

317 3718 439 3725 ————·-—=
444 3719 631 3727 ...ω-,Μ

423 3875 444 3946 ι)
463 3876 532 3932 Nam
551 3891 644 3930 sensus
657 3874 774 3945 flagitat,
790 3881 822 3929 ut
833 3881 967 3943 postrema
980 3876 1062 3931 verba
1080 3873 1143 3942 §lt
1163 3872 1203 3928 ita
1221 3871 1277 3927 fere
1290 3871 1482 3940 suppleantur:

315 3964 394 4021 alteri
413 3973 557 4034 utrumque
575 3966 633 4020 fato
651 3964 709 4019 fieri
728 3970 845 4021 censent.

423 4054 442 4120 ²)
456 4057 472 4123 ᾖ
485 4061 531 4109 20:
548 4056 605 4109 Nee
619 4097 624 4108 .
638 4100 643 4111 .
656 4097 661 4108 .
672 4054 817 4121 (Diodorus
833 4060 860 4107 et
873 4053 1034 4123 Carneades)
1048 4053 1099 4106 fati
1112 4052 1300 4106 necessitatem
1314 4051 1482 4106 confirmant.

316 4147 356 4200 At
375 4146 420 4212 qui
439 4146 614 4199 introducunt
634 4160 774 4198 causarum
793 4143 888 4198 seriem
911 4142 1109 4211 sempiternam,
1130 4142 1150 4195 ii
1169 4147 1285 4195 mentem
1305 4139 1419 4194 hominis
1440 4156 1483 4193 vo·

315 4237 421 4289 luntate
447 4235 532 4289 libera
555 4234 696 4301 spoliatam
725 4232 884 4286 necessitate
911 4231 962 4285 fati
988 4230 1154 4286 devinciunt.
1192 4230 1256 4297 §a
1283 4229 1356 4298 Quid
1382 4227 1484 4282 attinet

316 4326 450 4379 inculcare
461 4323 556 4392 fatum,
576 4339 635 4376 curn
650 4323 707 4376 sine
726 4322 783 4375 fato
797 4321 866 4375 ratio
880 4321 997 4374 omniurn
1011 4336 1098 4374 rerum
1118 4320 1152 4374 ad
1171 4325 1296 4372 naturam
1309 4319 1482 4372 fortunamve

316 4414 466 4468 referatur?
494 4413 511 4480 ξ
531 4417 576 4465 31:
598 4412 628 4465 Si
647 4410 736 4465 omnia
755 4409 900 4464 necessitas
920 4409 1012 4477 eflicit,
1031 4409 1101 4462 nihil
1120 4407 1207 4462 estin
1226 4415 1318 4462 nostra
1336 4415 1479 4474 potestate.

317 4504 368 4557 Est
387 4511 477 4556 autern
496 4501 600 4568 aliquid
619 4501 648 4554 in
667 4508 759 4554 nostra
777 4504 911 4566 pesestate
989 4499 1049 4552 Non
1069 4498 1157 4566 igitur
1176 4498 1234 4551 fato
1252 4497 1330 4566 fiunt,
1350 4510 1481 4566 quaecun-

317 4607 368 4661 que
387 4592 463 4645 fiunt.
