3274 5434
641 349 862 427 -49-‚-

167 549 247 609 sunt
269 545 337 609 nisi
362 546 556 622 συνεκτικόν,
594 545 641 609 ita
674 550 798 622 tamen,
832 550 869 608 ut
893 544 958 610 nisi
992 544 1180 629 complures
1214 543 1335 608 harum

167 673 345 718 causarum
371 674 439 717 uno
462 659 612 738 tempore
629 652 843 730 conveniunt,
868 672 1003 716 resnou
1025 651 1224 736 perficiatur.
1260 651 1334 715 Duo

167 761 257 825 enim
282 759 383 825 boves
407 760 435 825 si
459 766 607 824 aratrum
638 759 776 837 vehunt,
811 772 889 824 veta
923 764 1023 843 atque
1057 758 1203 824 efficiens
1235 778 1337 822 causa

167 866 387 952 promovendi
405 873 492 944 sunt,
516 867 536 930 i.
563 889 589 932 e.
616 874 721 934 αἴτιον
744 863 946 946 σονοιιιικόνς
971 865 1205 950 unusquisque
1222 869 1336 929 autem

169 973 228 1038 bos
252 979 301 1038 est
336 988 512 1041 σννοιιτιον.
546 973 673 1037 Causae
698 971 844 1056 denique
879 985 1155 1062 προκαταρκτικοί
1184 992 1252 1035 nou
1288 969 1335 1034 ab

168 1079 326 1145 omnibus
350 1079 507 1166 probatae
542 1100 682 1159 „causae
706 1080 917 1144 futurorum‘
943 1085 1029 1143 sunt.
1077 1078 1204 1142 Eorum
1235 1077 1337 1161 igitur

169 1209 237 1251 non
279 1191 337 1264 est,
372 1186 559 1252 necessario
599 1185 728 1270 aliquid
764 1185 904 1264 efficere,
944 1183 1002 1248 sed
1041 1183 1334 1260 antecedere;

168 1315 272 1378 quare
296 1294 395 1379 plano
418 1294 633 1359 consentiunt
664 1314 742 1358 cum
766 1292 884 1370 causis,
923 1291 1015 1370 „sine
1051 1291 1173 1376 quibus
1208 1289 1336 1377 aliquid

167 1401 254 1466 effici
292 1422 360 1465 non
399 1401 535 1486 possit“,
576 1422 660 1486 quas
693 1400 784 1484 ipsas
824 1421 844 1464 a
882 1397 1053 1464 Carneade
1092 1419 1160 1462 non
1199 1397 1335 1484 agnosci

169 1507 327 1574 vidimus.

274 1631 361 1696 Cum
379 1631 484 1697 ‘Sexto
516 1653 585 1696 non
608 1631 708 1717 plane
732 1630 886 1715 congruit
909 1629 1063 1694 Clemens
1087 1628 1336 1694 Alexandrinus

169 1739 252 1806 VIII
269 1739 366 1816 925:

280 1873 356 1932 Tuir
379 1871 494 1933 otiatur
517 1860 559 1931 coi
583 1871 645 1949 μὲν
668 1863 944 1953 προκαταρκτικά,
969 1863 1010 1929 τοὶ
1036 1863 1072 1929 δὲ
1095 1863 1275 1939 συνεκτικοὶ,
1293 1863 1334 1929 ταὶ

169 1972 207 2039 δὲ
230 1973 379 2062 συνεργοί,
402 1967 444 2038 τοὶ
470 1973 507 2038 δὲ
524 1961 571 2038 οἷν
587 1969 645 2038 οὐκ
662 1965 751 2037 ἄνευ.
784 1966 1056 2059 Προκαταρκτιιιᾰ
1072 1977 1135 2054 μὲν
1145 1967 1187 2036 τοὶ
1203 1971 1336 2059 πρώτως

168 2075 319 2168 α’φορμήν
343 2079 554 2168 παρεχόμενα
591 2083 635 2156 εἷς
658 2078 695 2143 τδ
719 2083 879 2159 γίνεσθαί
896 2104 936 2152 τι,
973 2076 1135 2165 καθάπερ
1157 2077 1194 2142 τδ
1219 2075 1336 2157 κάλλος

168 2203 234 2264 τοῖς
259 2181 450 2264 ἀκολάστοις
484 2187 542 2251 τοῦ
566 2183 681 2272 ἔρωτος
700 2202 705 2214 ·
724 2184 833 2267 ὅφθὲν
855 2183 919 2268 γαρ
944 2184 1054 2260 αὐτοῖς
1086 2183 1147 2267 τήν
1180 2183 1336 2271 ἐρωτικὴν
1391 2173 1395 2182 ’

169 2293 324 2358 διάθεσιν
347 2292 479 2376 ἐμποιεῖ
500 2287 611 2375 μόνον,
635 2289 675 2357 ον’
701 2284 769 2374 μήν
784 2299 1107 2375 κατηναγκασμένως.
1156 2291 1334 2356 Σννειιτικοί

170 2400 207 2466 δὲ
229 2396 316 2487 ἅπερ
332 2398 525 2482 συνωνύμως
541 2407 596 2464 καὶ
614 2389 770 2483 αιῖτοτελῆ
785 2398 941 2472 καλεῖται,
963 2393 1141 2484 ἐπειδήπερ
1164 2389 1336 2486 αὗτοίρκως

170 2507 212 2572 δι’
236 2507 340 2573 αὑτοῦ
362 2504 531 2593 ποιητικόν
565 2505 631 2571 ἔστι
655 2507 712 2571 τοῦ
746 2505 1019 2589 ἀποτελέσματος.
1065 2499 1155 2589 Ἑξῆς
1179 2505 1216 2569 δὲ
1239 2505 1333 2593 παραὶ

166 2610 208 2678 ταὶ
235 2619 324 2679 αἴτια
349 2612 405 2679 ἐπὶ
428 2609 484 2678 τοῦ
510 2612 743 2696 μανθάνοντος
768 2612 918 2679 δεικτέον.
957 2613 992 2676 ‘0
1015 2616 1076 2696 μὲν
1104 2611 1213 2699 πατήρ
1230 2609 1336 2679 αἴτιόν

169 2720 238 2786 ἔστι
262 2716 545 2809 πρακαταριιτικόν
561 2726 617 2806 τῆς
632 2719 818 2804 μαθήσεως,
836 2721 854 2784 o‘
871 2718 1066 2796 διδάσκαλος
1084 2719 1120 2784 δὲ
1137 2714 1331 2791 συνεκτικόν,

167 2826 187 2912 ἡ
214 2828 250 2893 δὲ
275 2825 333 2894 τοῦ
355 2823 590 2908 μανθάνοντος
607 2827 701 2911 φύσις
718 2823 872 2915 σνντργὸν
888 2828 1006 2906 αἴτιον,
1030 2826 1101 2892 ὅδὲ
1117 2825 1230 2914 χρόνος
1253 2829 1330 2900 τοῖν,

169 2923 216 3000 οἷν
239 2935 297 3000 οὐκ
321 2932 411 3011 ἄνευ,
436 2933 532 3013 λόγον
554 2931 672 3018 ἐπέχει.

278 3059 328 3125 rat
353 3060 521 3126 σννεκτικά
546 3061 639 3125 αἴτιοι
664 3057 766 3142 igitur
790 3058 890 3122 etiam
914 3050 1075 3143 αὕτοτελῆ
1103 3056 1333 3142 appellantur3

168 3166 306 3254 συνεργοί
331 3170 363 3228 et
385 3178 536 3232 συναίτιοι
560 3186 629 3230 non
645 3164 898 3243 discernuntur;
923 3170 1053 3250 praeter
1074 3163 1115 3231 τοὶ
1133 3190 1333 3254 προκαταρκ-

168 3268 244 3339 τιιιοὲ
268 3293 346 3337 vero
370 3270 489 3358 (quam
519 3272 691 3336 notionem
727 3272 889 3358 exemplis
920 3271 1167 3336 demonstratur
1191 3270 1331 3336 eandem

168 3399 240 3443 esse
263 3385 363 3463 atque
387 3378 478 3464 apud
501 3378 650 3456 Sextum,
688 3380 707 3443 i.
735 3400 761 3444 e.
787 3378 879 3463 quod
903 3379 1016 3443 Cicero
1053 3379 1204 3443 nominat
1240 3378 1332 3456 „sine

168 3507 237 3570 quo
261 3484 389 3570 aliquid
402 3507 469 3550 non
489 3485 667 3572 efficitur“)
684 3487 784 3551 etiam
799 3485 841 3554 τοὶ
858 3477 906 3554 ὦν
922 3489 980 3556 οὐκ
997 3481 1078 3555 ἄνευ
1093 3490 1331 3564 memorantur,

167 3593 290 3657 iterum
313 3591 414 3677 igitur
438 3614 485 3672 ea,
511 3593 582 3658 sine
606 3593 729 3680 quibus
753 3592 881 3678 aliquid
904 3615 972 3658 non
997 3594 1042 3658 fit.
1090 3592 1188 3669 Quod
1219 3598 1333 3657 autem

167 3699 289 3764 harum
320 3721 497 3766 causarum
530 3701 722 3786 exemplum
752 3721 772 3765 a
796 3701 966 3766 Clemente
996 3702 1134 3766 affertur
1166 3699 1332 3787 (discipuli

170 3917 485 3926 —Q

167 4075 196 4130 in
216 4092 244 4130 sc
264 4075 318 4130 vim
340 4075 484 4144 efficiendi,
514 4075 548 4132 cf.
568 4074 624 4133 Cic.
656 4075 739 4143 §l9z
778 4089 891 4143 „causas
920 4073 1074 4129 cohibentes
1102 4072 1130 4128 in
1160 4089 1188 4127 sc
1217 4071 1332 4127 efficien-

169 4166 235 4220 tiam
261 4164 441 4221 naturalem“.
479 4164 604 4218 Ceterum
636 4161 666 4216 το
695 4167 781 4215 αἴτιον
805 4160 956 4214 συνεκτικόν
980 4163 1032 4216 iam
1059 4164 1130 4230 apud
1155 4162 1331 4216 Aristotelem

168 4254 337 4322 offendimus,
361 4273 387 4309 π.
408 4251 508 4325 κόσμου
527 4270 549 4310 c,
569 4259 584 4305 6
605 4253 675 4320 init„
701 4269 726 4321 p.
747 4256 796 4306 397
816 4253 833 4306 b
853 4259 886 4306 9:
918 4250 1020 4304 Λοιπὸν
1039 4251 1067 4302 δὲ
1087 4250 1118 4317 δὴ
1139 4252 1196 4322 περὶ
1217 4256 1262 4315 τῆς
1279 4257 1332 4302 τῶν

169 4342 239 4396 ὅλων
257 4350 410 4408 σνντκτικῆς
428 4345 514 4402 αἰτίας
532 4343 725 4413 κεφαλαιωδῶς
741 4345 831 4406 εἰπεῖν,
859 4341 878 4395 i.
894 4358 916 4395 e.
936 4343 969 4395 de
988 4357 1077 4410 causa,
1106 4355 1173 4408 quae
1193 4340 1282 4394 omnia
1300 4340 1329 4394 in

169 4450 197 4488 se
217 4433 331 4487 cohibet.
370 4432 412 4490 Cf.
431 4431 552 4500 Simplic.
581 4439 721 4488 comment.
744 4433 779 4485 ad
798 4430 912 4484 Aristot.
952 4430 1034 4498 Phys,
1061 4429 1091 4486 II
1111 4434 1126 4482 3
1146 4446 1170 4496 p.
1193 4435 1242 4482 195
1261 4431 1278 4484 b
1297 4434 1329 4481 21

167 4523 273 4592 (Simpl.
292 4539 317 4590 p.
338 4526 437 4592 32⁶‚15
457 4523 498 4576 ed.
517 4525 575 4590 ac).
1116 4515 1119 4523 '

1118 4613 1138 4664 '4
