3274 5434
652 383 872 448 -13-

178 577 323 657 differre,
360 585 474 644 utrum
506 600 608 644 causa
638 579 798 644 naturalis
831 600 872 644 ex
899 577 1093 644 aeternitate
1125 580 1238 644 lutura
1268 601 1347 646 vera

178 685 310 763 efficiat,
340 707 383 750 an
413 685 513 749 etiam
545 685 615 750 sine
648 685 791 750 aeternis
819 685 928 751 causis
961 687 1074 751 lutura
1108 707 1194 770 quae
1218 686 1285 751 sint
1307 708 1346 751 ea

176 814 259 859 vera
282 814 352 858 esse
376 793 504 878 possint
526 793 683 880 intellegi.

287 917 352 982 Sed
367 917 490 982 iterum
506 917 549 982 ad
565 917 814 982 Schmekelium
838 916 934 982 nobis
958 915 1168 982 redeundum
1192 923 1250 984 est.
1283 917 1342 982 Ille

176 1026 280 1104 enirn,
315 1031 352 1090 ut
386 1048 418 1111 p.
447 1027 485 1089 11
504 1024 583 1103 dixi,
614 1025 654 1090 de
684 1024 864 1090 Carneadis
895 1024 1052 1111 opinione
1083 1027 1116 1106 (ξ
1140 1024 1194 1112 32)
1225 1025 1343 1090 Stoicis

175 1132 332 1218 opposita
356 1136 442 1196 recte
466 1131 591 1196 rettulit
614 1153 646 1216 p.
665 1132 740 1195 170:
767 1131 933 1209 „Hieraus
957 1131 1041 1216 lolgt
1056 1169 1099 1179 --
1119 1133 1179 1196 171
1205 1131 1342 1196 berlihrt

176 1239 292 1305 wird.“
326 1238 438 1305 Verba
462 1245 584 1315 autem,
609 1259 695 1323 quae
713 1238 926 1322 praecedunt,
943 1259 1011 1302 non
1035 1238 1149 1323 probo.
1186 1238 1235 1303 Ita
1252 1239 1343 1303 enim

176 1347 355 1412 Schmekel
378 1368 410 1432 p.
440 1347 517 1411 170:
544 1347 617 1424 „Da
641 1345 789 1410 derselbe
814 1345 1040 1431 (syllogismus
1063 1345 1127 1424 illc,
1154 1366 1221 1430 quo
1241 1345 1343 1410 Stoici

178 1455 286 1518 latum
297 1475 367 1518 esse
377 1452 667 1518 demonstrabant:
682 1453 709 1517 si
718 1453 831 1517 omnia
843 1452 952 1518 causis
960 1451 1234 1517 antecedentibus
1247 1453 1341 1530 fiunt,

175 1561 292 1625 omnia
314 1560 400 1625 fiunt
416 1560 634 1644 colligatione·
650 1559 805 1646 naturali)
828 1581 895 1626 von
919 1558 1107 1624 Carneades
1139 1558 1245 1624 durch
1277 1559 1343 1624 den

176 1667 328 1732 Hinweis
346 1667 404 1731 aul
420 1667 474 1732 die
490 1665 687 1744 'Phatsaclre
705 1665 764 1730 das
780 1686 844 1728 ma
856 1687 879 1728 n
891 1686 907 1727 1
920 1664 970 1730 he
982 1687 997 1730 s
1011 1665 1046 1729 in
1064 1686 1201 1730 unserer
1217 1666 1344 1732 Gewalt

176 1774 266 1858 liegt,
279 1771 545 1858 widerlegtwird
560 1793 596 1836 so
609 1771 706 1836 sucht
720 1771 774 1836 ein
787 1771 956 1856 fingierter
968 1771 1102 1855 Gegner
1115 1770 1204 1837 diese
1221 1772 1343 1838 Wider-

175 1881 302 1967 legung
318 1883 375 1948 des
388 1881 576 1948 Carneades
592 1881 752 1959 dadurch,
772 1881 848 1946 dass
871 1903 906 1946 er
922 1883 977 1944 1111
999 1881 1115 1947 alles
1139 1883 1342 1968 Zukiinltige

177 1989 231 2054 die
239 1989 474 2075 Giltigkeitdes
484 1989 657 2054 absoluten
667 1989 849 2054 Fatumsin
859 1987 1039 2074 Anspruoh
1045 1989 1168 2053 nimmt
1175 1989 1212 2075 (1.
1226 1990 1341 2077 1432),

176 2118 219 2160 zu
242 2097 355 2162 nichte
379 2119 420 2161 zu
443 2096 618 2161 maehen.“
665 2095 773 2181 Igitur
804 2096 839 2158 in
865 2095 974 2160 Stoico
1006 2097 1179 2161 enuntiato
1204 2097 1342 2182 potioris

176 2204 338 2268 momenti
355 2225 425 2269 esse
438 2204 511 2270 vult
522 2224 639 2268 vocem
657 2202 811 2279 „omnia‘
830 2209 862 2266 et
877 2202 924 2266 ita
939 2208 1035 2287 putat
1051 2202 1196 2268 voluisse
1213 2202 1341 2269 Stoicos

176 2311 383 2376 Carneadem
406 2310 607 2386 subvertere,
632 2317 669 2374 ut
693 2309 843 2374 omnia
866 2331 956 2375 nexu
980 2331 1157 2374 causarum
1180 2311 1341 2376 11111111-

176 2418 360 2483 tenderent.
409 2416 471 2482 Sed
497 2417 560 2482 hoe
584 2438 652 2481 non
676 2416 797 2501 legitur
820 2421 839 2496 ξ
864 2417 906 2479 32
930 2437 992 2480 nec
1015 2423 1125 2500 potest
1147 2417 1220 2502 legi.
1254 2419 1341 2483 Nam

177 2531 210 2590 et
227 2524 404 2590 obscuram
427 2523 579 2588 redderet
594 2544 710 2589 veram
729 2522 830 2586 huius
853 2522 1055 2607 paragraphi
1079 2525 1339 2590 controversiam

177 2654 280 2718 quarn
294 2632 433 2717 exposui
452 2653 483 2716 p.
506 2632 553 2707 11,
572 2635 604 2694 11
620 2629 804 2695 absurdum
816 2628 996 2694 Carneadis
1010 2651 1207 2715 responsum
1226 2629 1257 2718 (ξ
1270 2632 1338 2718 32);

179 2740 347 2818 „Multum
371 2739 462 2804 enim
486 2737 606 2815 differt,
631 2744 745 2801 utrum
769 2757 869 2800 causa
892 2737 1053 2801 naturalis
1081 2758 1122 2801 ex
1146 2737 1340 2803 aeternitate

176 2847 289 2912 lutura
322 2867 400 2912 vera
427 2845 557 2921 efficiat,
593 2866 637 2908 an
661 2844 762 2908 etiam
793 2843 865 2907 sine
899 2844 1093 2909 aeternitate
1125 2844 1268 2909 naturali
1292 2846 1339 2909 11-

176 2960 252 3019 1111
264 2975 351 3038 quae
375 2953 451 3030 1111,
469 2973 509 3017 11
524 2973 603 3017 vera
619 2972 689 3015 1111
706 2950 836 3035 possint
850 2949 1030 3035 1111111111,ιι
1049 2972 1116 3036 quo
1133 2973 1175 3016 ne
1191 2951 1341 3036 tangitur

176 3060 314 3145 quidem
339 3081 378 3124 ea
402 3058 576 3135 sententia,
606 3078 692 3142 quae
724 3056 849 3142 placuit
872 3055 1091 3121 Schmekelio.
1118 3096 1159 3105 —
1184 3057 1340 3123 Ceterum

176 3189 245 3232 non
269 3167 353 3231 bene
378 3165 554 3231 Schnrekel
586 3163 786 3230 sententiam
816 3163 917 3228 huius
941 3163 1105 3228 enuntiati
1132 3164 1179 3229 ita
1211 3164 1337 3230 reddit:

177 3297 233 3354 „es
258 3275 304 3339 sei
328 3274 382 3338 ein
406 3272 634 3338 wesentlicher
659 3270 889 3347 Unterschied
915 3270 957 3335 ob
981 3270 1061 3335 alles
1084 3293 1151 3337 von
1176 3272 1339 3356 Ewigkeit

174 3383 236 3448 her
264 3379 526 3464 notwendig
550 3379 641 3444 wahr
664 3379 711 3444 sei
735 3377 815 3443 oder
838 3376 880 3442 ob
905 3377 965 3441 das
988 3378 1192 3463 Zuktinftige
1223 3379 1338 3443 ohne

176 3490 266 3555 diese
278 3486 546 3572 Notwendigkeit
558 3508 625 3553 von
642 3486 805 3570 Ewigkeit
822 3485 883 3556 her
897 3485 945 3548 als
962 3485 1053 3549 wahr
1066 3486 1177 3569 gelten
1194 3485 1337 3550 konne.“

175 3598 225 3662 Re
249 3617 328 3662 vera
352 3595 441 3660 enim
466 3594 654 3659 differentia
683 3614 751 3657 non
776 3599 845 3658 tarn
877 3592 913 3656 in
937 3613 975 3656 eo
999 3591 1110 3677 posita
1132 3598 1191 3669 est,
1225 3597 1336 3656 utrum
1386 3645 1389 3649 .

175 3703 290 3769 omnia
305 3702 500 3767 necessitate
523 3699 886 3778 1111111111111111,
912 3719 998 3784 quae
1022 3720 1100 3764 vera
1124 3698 1199 3777 sint,
1224 3704 1338 3763 utrum

176 3833 217 3875 ex
240 3815 375 3874 aeterna
398 3809 481 3873 serie
506 3829 683 3874 causarum
707 3805 876 3892 pendeant
911 3827 955 3869 an
979 3806 1050 3870 sine
1073 3806 1137 3870 hoc
1161 3827 1338 3870 causarum

174 3938 265 3983 nexu
289 3938 330 3982 ex
353 3915 547 3981 aeternitate
572 3936 651 3981 vera
674 3935 744 3978 1111
769 3913 898 3998 possint
920 3913 1070 3997 intelligi.

283 4041 398 4106 Unum
422 4040 509 4105 addo
533 4039 573 4104 de
590 4039 646 4117 eis,
672 4059 758 4124 quae
774 4043 970 4122 sequuntur,
996 4037 1076 4120 quia
1091 4037 1245 4102 cohaeret
1260 4058 1337 4102 cum

175 4147 378 4234 quibusdam
412 4153 511 4213 antea
544 4146 710 4231 expositis.
758 4146 844 4227 §33
880 4144 968 4209 enim
994 4144 1108 4209 Cicero
1132 4144 1338 4210 Carneadem

175 4262 308 4321 secutus
332 4254 485 4328 ostendit,
510 4254 671 4339 quoniam
694 4258 829 4317 aeterna
857 4251 957 4317 series
991 4272 1168 4317 causarum
1192 4273 1260 4316 non
1285 4253 1336 4330 111,

175 4385 217 4428 11
253 4363 331 4429 deos
367 4361 502 4448 quidem
540 4382 636 4446 posse
660 4359 845 4426 vaticinari.
905 4359 1040 4423 Monere
1064 4357 1227 4423 conducet
1250 4358 1337 4423 hanc

175 4471 384 4536 oraculorum
409 4469 643 4534 refutationem
666 4488 734 4532 non
774 4487 925 4552 pugnare
948 4486 1025 4530 curn
1048 4465 1122 4543 hoc,
1146 4464 1237 4550 quod
1259 4465 1335 4551 §27

175 4578 326 4664 legimus,
362 4577 556 4642 enuntiato:
606 4575 680 4654 „Au
706 4627 737 4638 ..
764 4627 770 4638 .
796 4574 878 4638 haec
914 4572 1086 4638 enuntiato
1221 4571 1337 4658 Capiet
