3274 5434
593 977 881 1110 Theseu.

723 1376 747 1440 I.

257 1482 297 1546 In
314 1481 496 1546 Alexandri
513 1482 785 1580 Aphrodisiensis
803 1484 938 1560 Quaest.
963 1483 979 1547 I
997 1483 1018 1546 4
1041 1506 1073 1568 p.
1094 1486 1131 1547 11
1149 1506 1179 1549 v.
1199 1484 1240 1547 33
1257 1503 1318 1568 pro

152 1588 262 1655 verbis
287 1589 467 1674 corruptis:
495 1596 565 1655 πᾶν
588 1591 652 1680 γάρ
675 1587 803 1657 οἷόντε
826 1591 915 1676 lego:
941 1589 1163 1659 παντάπασιν
1187 1583 1257 1657 οὖν.

681 1753 785 1761 ——q—

258 1946 360 2031 Apud
384 1945 579 2012 Ciceronem
603 1947 653 2011 De
677 1948 744 2012 teto
768 1947 818 2011 IX
846 1949 884 2012 18
917 1947 1131 2014 scribendum
1163 1952 1230 2012 est:
1265 1946 1319 2012 Sic

151 2053 179 2117 si
204 2052 370 2118 diceretur
403 2054 585 2132 „Morietur
613 2060 713 2118 noctu
749 2055 782 2118 in
809 2054 962 2120 cubiculo
992 2077 1051 2120 suo
1075 2055 1109 2121 vi
1140 2075 1319 2140 oppressus

154 2148 297 2245 Scipio“‚
323 2182 411 2224 non
435 2161 524 2225 min
539 2182 588 2226 us
611 2183 688 2227 vere
713 2161 884 2228 diceretur.

704 2412 762 2477 III.
824 2455 828 2461 ·

259 2518 378 2582 Errare
402 2517 567 2583 contendo
592 2519 840 2605 Gomperzium‚
865 2521 924 2605 qui
949 2518 1037 2605 (Sin.
1064 2520 1135 2584 Ber.
1154 2517 1212 2582 der
1235 2516 1316 2601 phil.

151 2624 230 2688 hist.
257 2624 376 2690 Klosse
394 2625 452 2690 der
465 2625 601 2691 Wiener
617 2626 801 2692 Akademie
817 2633 896 2692 tom.
918 2629 989 2705 103,
1007 2649 1056 2691 uo.
1078 2627 1172 2703 1883,
1192 2647 1223 2709 p.
1245 2625 1319 2704 159)

151 2731 187 2795 in
221 2731 383 2797 Herodoti
416 2732 568 2797 codicum
611 2733 714 2822 classe
742 2741 775 2814 β,
811 2755 897 2819 quae
932 2733 1162 2820 complectitur
1196 2731 1319 2795 librum

152 2838 346 2903 Romanurn
370 2837 434 2925 (R),
461 2838 757 2905 Vindobonensem
775 2839 829 2928 (v),
855 2841 1126 2906 Sancrottianum
1149 2837 1196 2925 (s),
1214 2835 1319 2902 codici

153 2945 306 3010 Romano
330 2948 475 3031 praefert
498 2945 805 3012 Vindobonensem.

623 3197 626 3204 '
705 3196 764 3263 IV.

260 3303 299 3367 In
325 3302 513 3368 enarranda
537 3302 664 3388 origine
688 3302 766 3368 belli
789 3304 907 3368 Punici
932 3303 1069 3369 secundi
1094 3303 1166 3367 nori
1185 3303 1245 3366 uni
1261 3301 1319 3365 Po-

12 3379 17 3434 *
153 3409 244 3494 lybio
271 3408 352 3474 fides
377 3409 565 3489 tribuenda,
592 3410 650 3475 sed
673 3411 790 3477 Livius
813 3432 949 3496 quoque
972 3409 1183 3475 adhibendus
1207 3415 1264 3474 est.
