3274 5434
653 357 889 422 ..21...

182 553 340 620 homines
364 575 473 632 sanos,
501 553 538 617 in
571 553 644 618 aliis
676 554 881 633 invalidos“;
911 576 991 618 nam
1022 554 1169 639 corporis
1196 551 1349 618 habitum

186 681 229 724 ex
254 668 373 726 natura
396 661 459 726 loci
483 661 682 745 contagione
707 661 855 746 quadam
878 661 1066 748 dependere
1082 662 1195 727 Cicero
1219 661 1349 725 confite-

184 773 249 832 tur.
297 769 392 844 Quae
426 773 539 832 autem
570 789 605 832 re
633 789 712 834 vera
744 775 932 854 sequuntur
955 767 1075 835 verba:
1102 767 1158 846 „in
1182 767 1254 832 aliis
1278 788 1349 831 esse

187 875 365 961 pituitosos
399 882 431 940 et
464 875 559 961 quasi
593 874 828 954 redundantes,
862 877 896 940 in
930 875 1003 940 aliis
1036 875 1217 940 exsiccatos
1249 879 1349 958 atque

185 981 318 1048 aridos‘¹
353 1021 394 1028 -
428 982 567 1046 minime
601 982 804 1067 respondent
836 980 1109 1048 antecedentibus
1144 981 1246 1060 „alios
1279 1002 1349 1046 esse

185 1088 347 1167 salubres,
373 1089 455 1154 alios
478 1089 707 1174 pestilentes‘3
731 1111 811 1154 nam
835 1097 867 1155 et
883 1089 1032 1176 pituitosi
1057 1088 1349 1174 redundantesque

183 1203 218 1261 31
241 1197 396 1260 exsiccati
420 1217 536 1261 omnes
560 1196 699 1262 invalidi
724 1204 824 1282 atque
840 1197 964 1261 infirmi
988 1202 1075 1261 sunt.
1107 1196 1225 1281 Itaque
1250 1196 1350 1261 etiam

183 1310 262 1368 ante
286 1303 388 1369 verba
414 1304 469 1382 ‚,in
498 1304 571 1369 aliis
605 1325 675 1370 esse
704 1304 878 1390 pituitosos
905 1310 965 1351 —“
991 1303 1190 1389 cogitatione
1221 1303 1349 1389 supple-

186 1411 319 1476 bimus:
347 1411 450 1488 „alios
474 1409 562 1475 locos
587 1431 657 1475 esse
681 1409 849 1489 humidos,
873 1410 955 1475 alios
978 1409 1152 1475 torridos‘.

293 1517 413 1603 Neque
437 1518 503 1582 alia
526 1517 647 1583 desunt
670 1518 893 1583 festinationis
916 1519 1066 1603 vestigia,
1101 1540 1170 1604 qua
1192 1518 1256 1583 hoc
1279 1517 1350 1583 loco

187 1625 368 1710 Chrysippi
384 1625 627 1711 expositionem
642 1624 794 1690 reddidit.
826 1626 927 1691 Velut
950 1648 1071 1712 parum
1095 1631 1246 1691 accurate
1263 1625 1352 1690 dicta

187 1737 275 1810 sunt,
294 1753 380 1816 quae
397 1737 602 1817 sequuntur:
630 1734 823 1818 „multaque
840 1739 919 1798 sunt
936 1733 1009 1810 alia,
1028 1754 1114 1818 quae
1138 1732 1224 1797 inter
1239 1732 1349 1796 locum

185 1839 353 1903 stlocum
377 1838 563 1924 plurimum
587 1838 778 1914 differunt‘,
809 1840 868 1905 ubi
900 1847 1087 1926 exspectas:
1123 1839 1250 1918 „multa
1273 1845 1352 1904 sunt

187 1945 261 2023 alia,
287 1944 410 2030 quibus
435 1946 568 2010 311003
591 1945 637 2010 ita
659 1947 837 2011 hominum
860 1953 999 2012 naturae
1022 1968 1043 2011 a
1065 1947 1145 2012 locis
1170 1946 1350 2031 pendentes

185 2053 273 2116 inter
296 2073 330 2116 33
355 2051 547 2130 differunt‘,
574 2052 643 2118 sive
673 2074 780 2138 „quae
806 2053 894 2118 inter
916 2053 979 2118 loci
1004 2059 1159 2117 naturam
1187 2059 1219 2117 et
1247 2053 1350 2118 homi-

186 2181 270 2223 nnm
293 2157 439 2222 indolem
465 2160 703 2224 conveniunt.“
737 2159 841 2224 Cuius
865 2159 1094 2244 neglegentiae
1111 2181 1189 2223 mox
1206 2159 1350 2224 luculen-

186 2266 253 2330 tius
276 2271 426 2330 occurret
449 2266 649 2351 exemplum.
699 2266 764 2331 Sed
787 2267 936 2352 primum
960 2267 1202 2332 sententiarum
1225 2288 1349 2331 nexum

187 2373 379 2438 examinare
408 2395 554 2458 pergam.
603 2374 720 2459 ltaque
753 2373 844 2459 quod
877 2374 1048 2452 concessit,
1079 2374 1167 2438 inter
1195 2380 1351 2439 naturam

187 2481 250 2545 loci
266 2486 298 2544 et
313 2480 489 2545 hominurn
503 2481 609 2546 multa
625 2481 813 2558 convenire,
827 2480 959 2546 duobus
975 2481 1135 2567 exemplis
1150 2480 1347 2546 illustratur:

185 2587 328 2652 Athenis
352 2594 452 2652 tenue
477 2587 608 2652 caelum
642 2589 750 2667 eflicit,
785 2593 823 2653 ut
853 2589 1016 2654 acutiores
1040 2588 1143 2654 Attici
1173 2594 1348 2672 putentur;

187 2693 340 2759 Thebani
364 2714 474 2759 crasso
498 2695 588 2760 caelo
612 2695 755 2781 pingues
779 2702 812 2759 et
835 2694 984 2760 valentes
1008 2700 1094 2759 sunt.

294 2801 468 2867 Hactenus
499 2803 601 2887 igitur
624 2802 738 2868 Cicero
770 2802 959 2869 adversario
990 2803 1185 2882 assentitur;
1218 2803 1350 2867 13131331-

186 2931 282 2974 mum
313 2915 426 2974 autem
462 2909 563 2987 ducit,
598 2909 690 2995 quod
717 2910 771 2975 ille
804 2916 960 2974 naturam
991 2909 1053 2974 loci
1084 2931 1152 2974 non
1177 2910 1285 2974 solum
1308 2909 1350 2974 ad
1389 2993 1392 3000 γ

184 3015 410 3093 indolem,
436 3015 611 3081 sedetiam
635 3016 677 3081 ad
701 3017 916 3082 facinora
939 3016 1116 3081 hominurn
1139 3017 1264 3081 summi
1283 3039 1350 3082 mo-

186 3122 294 3187 menti
310 3143 381 3187 esse
397 3130 518 3188 censet.
552 3124 660 3208 Negat
682 3129 858 3209 propterea
881 3144 1033 3208 unquam
1057 3124 1149 3189 tenui
1166 3125 1266 3196 caelo,
1283 3146 1350 3209 quo

184 3229 359 3314 ingenium
383 3235 532 3308 acuatur,
557 3252 764 3316 quemquam
788 3253 885 3316 00333
910 3230 1042 3306 adduci,
1067 3237 1104 3295 ut
1127 3237 1185 3296 aut
1201 3231 1350 3296 Stoicum

185 3343 244 3401 aut
265 3335 505 3401 Academicum
522 3345 580 3402 aut
595 3337 854 3423 Peripateticum
867 3338 990 3416 audiat,
1016 3344 1116 3423 atquc
1133 3360 1243 3404 crasso
1260 3339 1350 3404 33310

185 3443 332 3529 corporis
356 3443 458 3508 robur
487 3445 641 3510 firmante
671 3467 768 3531 posse
792 3445 989 3531 permoveri,
1021 3451 1059 3511 ut
1082 3445 1208 3511 Nemea
1239 3447 1350 3532 potius

187 3573 290 3636 quam
314 3551 442 3616 Isthmo
466 3552 638 3617 victoriam
663 3559 763 3638 03131.

292 3658 424 3734 Quibus
448 3659 609 3745 exemplis
633 3661 771 3725 tortasse
796 3682 813 3725 e
837 3661 1062 3726 Clitomacheo
1096 3660 1179 3734 libro
1203 3661 1350 3746 repetitis

188 3764 282 3829 addit
305 3765 371 3829 alia
395 3787 412 3830 c
436 3765 505 3830 vita
534 3766 689 3831 Romana
715 3766 884 3853 sumpta¹).
1153 3763 1155 3770 ’

292 4031 311 4100 ¹)
330 4031 440 4086 Transit
459 4033 493 4086 ad
512 4033 579 4087 haec
597 4033 687 4087 verbis
706 4033 837 4102 „diiunge
857 4032 991 4102 longius&
1028 4034 1074 4087 Ita
1093 4032 1205 4102 codices,
1224 4034 1350 4101 aquibus

186 4121 287 4190 pendet
314 4121 433 4176 recensio
459 4121 553 4190 libelli,
574 4121 722 4176 Vossianus
752 4129 780 4177 et
804 4123 856 4176 duo
876 4122 1107 4191 Vindobonenscs,
1127 4122 1273 4192 „diiungo“
1293 4125 1350 4181 cod.

183 4211 303 4275 Batrioi,
323 4227 401 4278 quem
428 4210 551 4278 sequitur
578 4211 729 4280 Hottinger
752 4211 792 4277 (in
812 4211 930 4266 editione
948 4211 1113 4280 Bremianal,
1140 4219 1168 4266 et
1195 4229 1254 4266 eum
1275 4212 1350 4279 sequi

184 4300 291 4366 debent,
311 4300 358 4367 qui
379 4316 438 4353 cum
458 4300 505 4354 illo
525 4301 559 4354 ad
581 4299 761 4368 „diiungere“
780 4301 907 4368 supplent
925 4301 1027 4370 „loca“.
1066 4301 1118 4355 Sed
1137 4302 1186 4356 hoc
1204 4302 1349 4357 absurdum

183 4397 241 4454 cst3
261 4406 323 4443 nam
342 4405 394 4442 non
420 4389 545 4456 proponit
574 4388 688 4462 scriptor
713 4389 742 4442 in
761 4403 817 4459 sqq.
843 4389 901 4443 loca
925 4389 1014 4443 minus
1033 4397 1142 4443 remota.
1181 4390 1241 4443 Non
1260 4391 1351 4459 pergit

186 4495 291 4549 „neque
312 4478 387 4532 Veiis
407 4480 509 4532 caelum
531 4478 625 4547 efficit,
644 4477 722 4532 utin
741 4478 847 4546 porticu
867 4478 978 4546 Pompei
1002 4478 1092 4546 potius
1112 4494 1191 4545 qrram
1210 4480 1239 4532 in
1258 4496 1350 4546 campo

183 4568 350 4622 ambulemus
356 4567 564 4635 nequeFaleriis
572 4585 594 4622 e.
604 4567 682 4635 q.s.“.
694 4568 779 4622 Immo
786 4567 867 4622 etiam
874 4568 1068 4637 exemplaquae
1075 4569 1350 4636 sequunturRomana
