3274 5434
771 305 987 372 -44,

299 503 397 569 arbor
419 526 515 570 caesa
537 511 569 569 et
601 505 697 571 navis
731 504 904 569 aedificata
927 527 994 569 non
1031 525 1193 570 causae
1229 509 1307 570 sunt
1330 501 1472 578 amoris,

299 611 357 676 sed
390 612 622 677 tantummodo
658 611 877 692 antecedunt;
914 633 1008 676 amor
1038 611 1140 696 igitur
1163 633 1231 677 non
1265 611 1329 675 illis
1364 609 1473 674 rebus

299 719 449 796 efficitur,
475 719 532 784 sed
558 741 612 784 eas
636 718 736 784 modo
774 719 933 803 sequitur.
982 719 1092 795 Quare
1116 719 1235 784 verba:
1272 719 1472 798 „Quorsum

299 825 381 890 haec
403 827 607 911 praeterita?
643 826 731 902 Quia
754 826 976 910 sequitur
999 824 1091 902 illud,

487 931 491 938 ’
510 933 541 998 N
543 932 867 1018 amnunquamhera
874 953 1071 997 erransmca
1083 931 1182 998 domo
1194 930 1470 1017 efferretpedem‚

511 1038 638 1118 Medea,
664 1040 776 1104 animo
800 1060 909 1124 aegro,
934 1060 1047 1104 amore
1071 1061 1170 1105 saevo
1195 1040 1316 1118 saucia,

300 1167 378 1223 non,
404 1152 441 1210 ut
463 1167 521 1210 eae
546 1168 597 1211 res
622 1167 800 1210 causam
824 1147 981 1210 afferrent
1004 1147 1148 1211 amoris“
1185 1184 1227 1193 -
1261 1147 1308 1210 ita
1339 1145 1469 1210 intelle-

299 1251 409 1337 genda
443 1258 539 1317 sunt:
588 1253 758 1329 Quorsum
790 1252 957 1338 pertinent
991 1273 1106 1318 versus
1142 1253 1372 1318 antecedentes
1408 1252 1468 1317 vel

300 1380 402 1444 quam
426 1359 468 1424 ob
492 1380 562 1425 rem
587 1365 704 1446 poetae
728 1357 847 1424 licebat
870 1380 925 1423 eos
947 1360 1184 1444 praemittere?
1229 1360 1302 1424 Hos
1325 1381 1393 1423 non
1417 1359 1469 1423 di-

299 1487 372 1530 cere
396 1465 540 1531 debebat
565 1488 604 1531 eo
627 1466 775 1544 oonsilio,
800 1471 838 1529 ut
860 1487 1041 1532 oausam
1067 1468 1225 1531 afferrent
1247 1467 1378 1542 amoris
1404 1467 1466 1531 sed

299 1573 380 1658 quia
412 1573 694 1659 sequebatur
718 1594 812 1638 amor
834 1574 953 1659 pinum
977 1574 1012 1638 in
1037 1574 1126 1639 Pelio
1161 1580 1274 1639 monte
1305 1573 1464 1637 decisam.

300 1680 395 1756 Quae
419 1681 447 1744 si
470 1687 583 1746 tamen
607 1703 697 1746 nexu
714 1701 893 1745 causarum
908 1681 1003 1766 iungi
1019 1681 1124 1748 voluit
1139 1687 1247 1766 poeta,
1265 1680 1301 1744 in
1317 1680 1466 1745 eundem

299 1807 444 1851 errorem
467 1787 623 1872 delapsus
647 1794 697 1852 est
720 1793 820 1872 atque
844 1787 963 1866 Stoici3
988 1789 1028 1854 cl.
1055 1793 1074 1869 ξ
1097 1788 1154 1852 35;
1182 1810 1244 1866 „ex
1261 1788 1324 1852 hoc
1341 1808 1464 1872 genere

206 1883 212 1890 ’
299 1891 381 1979 (scil.
400 1895 631 1980 exemplorum
654 1895 777 1958 iniuria
800 1915 820 1958 a
843 1894 961 1959 Stoicis
985 1894 1201 1982 prolatorum)
1224 1894 1308 1959 illud
1332 1898 1380 1959 est
1397 1894 1463 1957 En-

299 2000 378 2065 nii.“
427 2001 557 2066 Finitur
580 2009 693 2068 autem
716 2003 738 2089 ξ
762 2003 814 2081 35,
839 2008 875 2066 ut
899 2002 1086 2068 Guilelmus
1110 2001 1221 2066 Christ
1244 1999 1313 2087 (qui
1337 2002 1372 2065 in
1396 2000 1463 2066 edi-

298 2107 387 2172 tione
413 2107 581 2174 (lrelliena
604 2110 710 2174 altera
741 2109 841 2174 libros
866 2109 915 2174 De
951 2109 1157 2176 divinatione
1194 2114 1226 2172 ct
1251 2109 1300 2172 De
1323 2109 1390 2172 lato
1416 2129 1462 2173 re-

299 2215 438 2302 censuit)
461 2214 554 2294 vidit,
579 2216 689 2283 verbis
714 2217 776 2295 his,
801 2237 888 2300 quae
911 2237 1085 2302 perperam
1109 2215 1184 2280 libri
1209 2237 1285 2280 mss.
1313 2216 1389 2293 §36
1414 2216 1462 2279 in·

299 2327 431 2386 serunt:
457 2323 578 2400 „Nulla
600 2323 704 2407 igitur
727 2345 841 2389 earum
867 2330 916 2388 est
939 2344 1048 2402 causa,
1085 2323 1245 2408 quoniam
1269 2322 1363 2386 nulla
1386 2343 1462 2386 earn

298 2449 368 2492 rern
393 2451 453 2494 sua
475 2431 509 2496 vi
545 2431 655 2509 efficit,
691 2431 786 2496 cuius
822 2430 943 2496 dicitur
976 2437 1107 2496 causa.“
1146 2469 1186 2476 —
1222 2431 1323 2495 Recte
1349 2429 1460 2495 virum

246 2603 251 2618 x
297 2533 527 2601 doctissimum
539 2536 704 2602 iudicasse
721 2537 792 2602 sine
805 2536 1087 2602 demonstratione
1103 2543 1203 2622 patet.
1241 2536 1353 2602 Verba
1369 2537 1459 2602 enim

297 2648 335 2706 ut
357 2642 399 2706 ad
423 2643 446 2729 ξ
470 2644 512 2708 35
536 2644 639 2708 finem
663 2645 788 2729 optime
813 2643 989 2730 quadrant,
1007 2648 1120 2729 utpote
1144 2644 1240 2708 cuius
1258 2643 1459 2728 paragraphi

297 2750 497 2815 sententiam
541 2751 663 2814 iterum
705 2751 820 2836 paucis
863 2748 1156 2835 comprehendant,
1201 2751 1248 2815 ita
1288 2772 1331 2815 ne
1367 2755 1385 2831 ἕ
1416 2751 1459 2815 36

296 2856 496 2935 inserantur,
520 2856 631 2922 obstat
654 2879 723 2922 non
760 2857 869 2922 solum
903 2879 969 2922 vox
1003 2863 1170 2935 ‚,earum‚“
1196 2878 1281 2942 quae
1314 2857 1347 2921 in
1372 2857 1393 2942 ξ
1417 2858 1459 2922 36

294 2985 363 3027 non
388 2963 497 3042 habet,
522 2964 565 3029 ad
590 2965 679 3050 quod
706 2965 875 3042 referatur,
899 2965 935 3028 in
959 2964 982 3050 ξ
1005 2965 1048 3028 35
1072 2969 1184 3028 autern
1201 2963 1387 3028 revocanda
1411 2970 1460 3030 est

296 3069 338 3135 ad
355 3092 471 3136 vocem
489 3079 584 3148 „res‘
612 3069 713 3157 (‚,non
738 3077 775 3135 ut
799 3092 855 3136 eae
879 3092 931 3136 res
954 3092 1090 3135 causam
1114 3071 1272 3135 afferrent
1294 3073 1457 3148 amoris‘,

296 3177 355 3242 scd
378 3178 478 3242 etiarn
501 3178 666 3263 particula
692 3178 845 3262 ‚,igitur‚“
863 3198 950 3262 quae
973 3177 1008 3241 in
1024 3178 1046 3262 ξ
1062 3179 1103 3242 36
1128 3177 1227 3262 plane
1244 3199 1343 3242 sensu
1360 3184 1456 3242 caret.

401 3285 476 3349 Hoc
499 3291 612 3349 autem
636 3284 808 3350 enuntiato
832 3283 872 3348 ad
899 3305 998 3348 suurn
1015 3283 1125 3348 locum
1142 3283 1301 3348 translato
1325 3284 1458 3349 initium

294 3391 315 3476 ξ
339 3393 381 3456 36
405 3391 493 3456 hanc
519 3392 668 3476 speciem
691 3390 844 3477 praebet:

402 3516 588 3596 „Interesse
622 3522 736 3582 autem
766 3517 870 3595 aiunt,
902 3523 1013 3580 utrum
1040 3516 1214 3581 eiusmodi*
1229 3515 1311 3601 quid
1335 3515 1385 3593 sit,
1420 3515 1458 3580 si-

294 3645 337 3688 ne
361 3646 427 3709 quo
452 3624 580 3709 aliquid
604 3624 689 3690 effici
712 3645 781 3688 non
805 3623 918 3708 possit,
944 3644 987 3687 an
1011 3623 1184 3702 eiusmodi,
1209 3644 1287 3688 cum
1312 3644 1378 3708 quo
1403 3623 1457 3687 ali·

294 3730 376 3816 quid
412 3731 498 3796 effici
524 3752 659 3796 necesse
683 3731 733 3795 sit.
767 3729 836 3794 Nec
860 3729 903 3807 id,
933 3730 1003 3794 sine
1028 3752 1094 3815 quo
1119 3729 1295 3816 quidpiam
1320 3751 1388 3794 non
1410 3731 1456 3807 fit,

295 3844 477 3916 causaest,
503 3838 561 3903 sed
583 3838 627 3916 id,
657 3837 749 3922 quod
784 3859 860 3902 cum
896 3837 1033 3902 accessit
1061 3837 1106 3917 id,
1139 3838 1234 3902 cuius
1267 3857 1367 3902 causa
1399 3843 1456 3915 est,

295 3945 395 4010 efficit
418 3929 634 4010 necessario.“

400 4069 494 4135 Haec
517 4069 619 4135 verba
634 4075 725 4155 patet
748 4091 768 4133 a
791 4068 958 4134 Stoicis
974 4068 1039 4134 dici
1056 4068 1313 4134 defendentibus
1332 4091 1365 4134 se
1384 4090 1456 4134 con·

293 4163 353 4241 tra
368 4177 619 4263 expositionem,
655 4199 741 4262 quae
775 4177 963 4263 praecessit.
1009 4177 1123 4241 Partes
1159 4177 1249 4241 enim
1273 4178 1458 4262 suscipiunt

294 4284 364 4349 eius
408 4305 527 4349 causae
568 4284 780 4363 definitionis,
828 4305 929 4368 quam
976 4284 1302 4350 Cicero-Carneades
1341 4285 1456 4349 reluta—

293 4395 394 4458 verat.
443 4391 570 4456 Eodem
594 4391 696 4476 igitur
718 4391 818 4457 modo
842 4391 955 4456 Cicero
979 4391 1137 4477 procedit,
1162 4413 1229 4476 quo
1254 4397 1286 4456 et
1316 4391 1337 4474 ξ
1362 4391 1379 4454 7
1404 4389 1454 4477 (ol.

292 4520 323 4584 p.
358 4497 411 4586 22)
435 4505 467 4563 et
490 4519 510 4562 a
532 4499 554 4583 ξ
571 4499 614 4564 20
631 4498 674 4563 ad
689 4499 732 4563 33
749 4497 800 4585 (cl.
818 4521 849 4584 p.
879 4497 939 4585 12).
988 4496 1121 4583 Ubique
1138 4496 1254 4564 breves
1272 4497 1457 4564 Stoicorum
