3274 5434
781 354 999 455 -5—14—

310 552 531 618 Numantiam
555 551 666 637 Scipio
692 540 733 600 '-
752 605 757 616 .
779 603 811 616 ..
836 551 929 631 falsa¹
945 551 1105 635 potuisset
1128 573 1209 628 esse,
1246 551 1273 616 si
1302 555 1388 614 esset
1411 569 1474 613 ses·

310 660 414 724 centis
439 659 579 724 saeculis
615 665 691 723 ante
717 657 852 723 dicta?“
900 657 1051 721 Primum
1087 659 1176 722 enim
1201 659 1315 722 Cicero
1352 657 1388 720 in
1422 655 1474 720 his

310 767 425 833 vorbis
449 766 559 831 irrcali
590 787 675 851 quae
711 786 802 830 nunc
826 772 964 830 vocatur
988 765 1096 829 forma
1120 765 1284 830 enuntiati
1309 762 1469 829 condicio·

311 874 396 938 natis
421 873 533 951 utitur,
558 894 625 957 qua
649 870 776 956 aliquid
800 893 835 936 re
858 892 938 936 vera
962 870 1107 955 praedici
1131 893 1227 956 posse
1244 871 1382 936 minime
1409 871 1473 936 effi-

311 982 406 1046 citur.
460 980 635 1044 Praeterea
669 978 948 1044 animadvertitur
982 999 1050 1042 non
1085 977 1277 1043 adhibuisse
1312 978 1368 1043 illo
1404 979 1472 1042 loco

316 1088 510 1173 scriptorem
534 1108 642 1165 voces,
667 1107 753 1171 quae
778 1085 1049 1151 vaticinationem
1073 1086 1270 1170 significant.
1318 1085 1474 1171 Disputat

312 1192 546 1259 tantummodo
570 1192 611 1258 de
635 1193 773 1258 veritate
799 1192 1091 1270 „enuntiationis“,
1120 1214 1188 1277 qua
1211 1193 1401 1257 continetur
1424 1213 1473 1257 res

313 1303 434 1366 [utura.
471 1300 599 1384 ltaque,
618 1306 656 1364 ut
673 1321 704 1383 p.
719 1299 739 1363 5
757 1298 836 1378 dixi,
855 1299 999 1363 rationes
1016 1298 1138 1383 logicas
1155 1299 1210 1364 illo
1225 1299 1297 1364 loco
1313 1299 1474 1384 exposuit,

312 1407 506 1474 vaticinatio
522 1413 636 1471 utrum
653 1407 695 1470 sit
713 1427 818 1471 necne
835 1428 876 1470 nc
892 1407 1040 1490 tangitur
1060 1406 1206 1491 quidem.
1254 1407 1328 1471 Hoc
1344 1411 1476 1470 tantum

313 1514 487 1580 contendit
510 1513 775 1579 enuntiationem
801 1514 932 1598 „Scipio
956 1513 1175 1578 Numantiam
1193 1513 1321 1597 capiet‘
1347 1533 1477 1596 semper

313 1622 415 1686 fuisse
428 1643 556 1687 verum.
574 1622 672 1686 Nunc
688 1621 842 1688 videmus
865 1643 942 1685 cum
959 1619 1129 1684 (larneade
1147 1641 1267 1704 negare
1284 1620 1475 1685 Ciceronem

314 1729 461 1814 potuisse
485 1728 552 1793 ullo
576 1734 725 1813 tempore
749 1727 876 1812 aliquid
901 1727 1056 1813 praedici.

422 2085 515 2150 Haec
539 2085 565 2150 si
590 2092 676 2150 recte
700 2084 869 2170 disputata
894 2091 981 2162 sunt,
1018 2106 1066 2163 ea,
1103 2105 1189 2170 quae
1218 2083 1258 2148 de
1285 2083 1479 2150 condicione

316 2192 470 2276 exposuit
493 2191 678 2270 Schmckel,
715 2193 801 2277 (puae
836 2192 922 2256 iuter
945 2192 967 2276 ξ
993 2193 1100 2255 1-20
1130 2199 1161 2256 θῖ
1185 2198 1204 2274 ξ
1229 2193 1359 2258 20—33
1384 2193 1479 2256 inter-

323 2299 427 2377 cedat,
453 2298 536 2363 falsa
560 2305 648 2363 sunt.
697 2299 816 2363 Fateor
839 2298 976 2382 quidem
1001 2320 1054 2362 mc
1089 2320 1157 2362 non
1182 2320 1315 2362 omnem
1341 2299 1412 2363 eius
1434 2320 1481 2362 ar·

318 2406 604 2491 gurncntationem
640 2407 851 2482 intellexisse,
892 2428 995 2490 quarn
1033 2429 1063 2491 p.
1103 2408 1164 2471 175
1200 2407 1346 2491 protulit.
1417 2405 1481 2469 Sed

321 2519 474 2598 apertum
500 2518 549 2576 est
572 2513 746 2597 utriusque
775 2513 878 2597 partis
907 2518 1143 2596 argumentum
1167 2512 1195 2577 ei
1220 2513 1326 2579 videri
1351 2534 1391 2578 ex
1414 2532 1482 2577 una

321 2620 572 2703 continentique
597 2618 821 2704 disputatione
845 2619 1026 2684 Carneadis
1050 2625 1221 2705 sumptum
1248 2641 1327 2684 esse.
1376 2619 1424 2683 Cf.
1450 2640 1481 2703 p.

322 2728 394 2805 176,
419 2727 437 2790 l.
464 2727 484 2788 3
509 2726 598 2790 etin
623 2725 734 2791 media
756 2725 918 2812 pagina„
943 2727 1101 2791 Dadurch
1125 2749 1197 2791 nun
1228 2734 1294 2790 -“.

427 2834 535 2898 Immo
560 2855 601 2898 ex
631 2834 765 2918 plane
799 2833 893 2898 alia
927 2834 1060 2918 regione
1095 2833 1305 2898 Carneadcae
1340 2834 1483 2919 disputa·

321 2941 421 3005 tionis
446 2947 580 3026 sumpta
604 2948 682 3005 sunt
705 2961 753 3018 ea,
778 2962 864 3025 quae
888 2941 910 3026 ξ
930 2928 1005 3005 20-
1018 2941 1060 3004 33
1077 2941 1191 3005 Cicero
1208 2941 1362 3026 exposuit
1384 2947 1484 3026 atque

322 3070 370 3126 ea,
396 3069 482 3133 quae
506 3055 605 3113 antea
629 3048 768 3133 scripsit.
817 3048 974 3113 Vidimus
998 3047 1087 3112 enim
1116 3046 1167 3133 (of.
1193 3069 1224 3131 p.
1251 3048 1282 3134 2)
1305 3050 1484 3112 sententias

322 3154 513 3233 Carneadis
548 3177 632 3240 quas
656 3155 770 3219 Cicero
807 3161 825 3235 ξ
851 3155 980 3220 20--33
1017 3153 1176 3239 sequitur,
1212 3154 1248 3217 in
1283 3153 1366 3219 libro
1391 3154 1485 3218 Clito-

322 3262 432 3326 machi
457 3263 675 3348 praecessisse
693 3284 758 3341 eas,
783 3283 869 3347 quae
892 3263 1040 3347 §1-20
1064 3282 1238 3346 expressae
1263 3267 1350 3325 sunt.
1399 3261 1485 3326 Nam

322 3369 397 3434 illae
421 3375 536 3434 contra
560 3370 714 3454 priorem,
739 3370 802 3435 hac
838 3376 954 3434 contra
988 3369 1129 3432 alterum
1153 3368 1332 3454 Chrysippi
1362 3368 1485 3433 librum

323 3476 466 3542 directae
490 3483 577 3542 sunt.

432 3583 531 3659 Quod
566 3604 702 3667 prorsus
738 3584 954 3649 confirmatur
989 3605 1022 3647 re
1058 3582 1244 3647 accuratius
1287 3581 1484 3647 examinata.

325 3691 400 3755 Alia
424 3690 514 3755 enim
538 3696 588 3755 cst
611 3691 797 3755 Stoicorum
822 3691 905 3755 ratio
929 3711 949 3754 a
972 3688 1142 3754 Carneade
1166 3689 1308 3753 refutata
1341 3688 1377 3752 in
1403 3694 1486 3753 utra-

325 3819 390 3882 que
415 3803 517 3882 parte.

431 3904 471 3968 ln
495 3905 598 3969 altera
630 3905 720 3968 enim
749 3911 841 3990 parte
866 3903 1074 3970 Ciceroniani
1103 3903 1187 3980 libri,
1223 3924 1326 3988 quam
1356 3903 1424 3967 dixi
1455 3923 1487 3967 re

325 4033 405 4079 vera
441 4032 511 4076 csse
545 4012 700 4097 priorem,
738 4033 887 4078 severam
921 4009 1025 4076 habes
1060 4016 1092 4075 et
1127 4011 1223 4096 quasi
1258 4010 1400 4095 rigidam
1430 4011 1489 4074 tati

327 4119 515 4183 doctrinam
532 4118 729 4197 Stoicorum,
755 4139 840 4203 quae
864 4140 931 4183 non
956 4117 1102 4182 admittit
1120 4118 1155 4183 id
1171 4118 1262 4203 quod
1278 4118 1347 4183 fieri
1372 4124 1487 4204 potest.

328 4226 432 4290 Cuius
456 4247 589 4290 summa
612 4227 694 4290 hacc
718 4226 785 4290 iere
810 4232 875 4290 cst:
907 4225 1015 4289 Omne
1039 4226 1249 4290 enuntiatum
1284 4233 1341 4290 aut
1372 4247 1489 4292 verum

331 4339 381 4398 est
404 4339 463 4398 aut
486 4333 618 4396 falsum.
666 4333 784 4417 Itaque
808 4332 921 4397 nullus
939 4339 1050 4398 motus
1074 4334 1144 4397 sinc
1161 4354 1263 4399 causa
1286 4339 1335 4397 est
1351 4340 1384 4398 et
1398 4333 1490 4418 quid·

329 4438 412 4524 quid
436 4438 564 4517 accidit,
595 4441 704 4506 causis
736 4440 773 4503 fit
796 4440 1004 4524 antegressis
1052 4440 1169 4524 Itaque
1200 4440 1314 4504 omnia
1344 4439 1491 4526 pendent

330 4568 372 4612 ex
395 4546 478 4612 serie
502 4567 679 4611 causarum
702 4554 735 4612 et
750 4546 959 4632 colligatione
976 4553 1135 4627 naturae;
1160 4552 1260 4632 atque
1284 4569 1352 4612 non
1373 4548 1490 4628 solum,
