3274 5434
810 386 1031 452 ..50-

335 589 436 668 atque
461 581 608 647 discendi
646 588 765 656 αἰτίαν,
801 576 839 669 ἧς
864 584 922 648 oda
958 582 1037 649 ἄνευ
1074 587 1207 666 tempus
1243 580 1334 665 esse).
1359 576 1400 644 ab
1439 579 1502 643 hoc

334 697 448 754 nostra
472 689 606 774 quidem
626 689 790 752 sententia
807 710 929 753 nomen
947 709 1065 752 causae
1084 688 1222 752 omnino
1239 686 1504 752 abiudicandum

338 805 406 874 est,
431 817 638 881 quamquam
664 795 753 859 enim
779 796 850 860 sine
874 801 1022 880 tempore
1043 793 1244 880 discipulum
1269 794 1352 859 nihil
1376 795 1504 858 discere

335 903 559 979 concedimus
594 909 706 966 tamen
740 923 801 967 nos
833 908 966 986 tempus
995 923 1064 966 non
1101 921 1295 979 causam,
1332 901 1390 967 sed
1425 922 1504 966 con·

335 1010 511 1085 dicionem,
537 1009 607 1073 sine
632 1029 700 1093 qua
723 1030 791 1074 non
815 1008 963 1084 discitur,
988 1007 1205 1094 appellamus,

445 1151 669 1216 Redeundum
707 1151 775 1216 iarn
815 1159 864 1216 est
901 1150 944 1215 ad
982 1151 1184 1216 Ciceronem.
1254 1152 1363 1228 Quem
1400 1172 1504 1236 supra

335 1261 460 1346 (1146)
496 1259 834 1325 commemoravimus
867 1258 965 1344 plane
1001 1258 1152 1336 eandem,
1189 1280 1291 1343 quam
1326 1259 1422 1344 §3st
1460 1257 1504 1320 di-

336 1367 547 1431 stinctionem
571 1387 745 1430 causarum
773 1365 871 1430 etiam
896 1367 931 1429 in
955 1365 1099 1451 Topicis
1125 1365 1182 1430 ubi
1206 1364 1402 1443 dialecticon,
1427 1366 1449 1429 i.
1477 1387 1503 1429 e.

336 1474 462 1538 Stoicos
485 1473 537 1559 (cl.
563 1473 625 1536 02
648 1472 718 1558 §dl
742 1473 904 1557 sequitur,
929 1493 955 1537 0.
978 1475 1016 1537 15
1040 1473 1119 1558 §58
1144 1473 1270 1536 lacere:
1297 1473 1504 1551 „Causarum

335 1581 437 1664 igitur
465 1601 588 1665 genera
611 1579 677 1643 duo
702 1584 797 1643 sunt:
834 1601 950 1657 unum,
976 1579 1067 1664 qnod
1090 1580 1123 1644 vi
1148 1601 1209 1644 sua
1238 1580 1282 1657 id,
1317 1579 1406 1665 quod
1441 1579 1505 1644 sub

336 1708 408 1752 eam
433 1687 502 1752 vim
520 1686 706 1751 subiectum
731 1693 789 1762 est,
814 1692 900 1751 certe
925 1687 1034 1764 efficit,
1059 1693 1097 1751 ut
1119 1686 1207 1771 ignis
1230 1687 1395 1766 accendit;
1428 1687 1505 1751 alte-

337 1816 421 1870 rum,
447 1792 537 1877 quod
561 1800 716 1857 naturam
742 1793 906 1857 alliciendi
931 1815 997 1858 non
1022 1793 1132 1872 habet,
1155 1793 1213 1858 sed
1237 1794 1308 1858 sine
1326 1814 1393 1879 quo
1417 1793 1504 1870 elfici

338 1923 406 1965 non
431 1901 544 1986 possit,
570 1905 607 1963 ut
631 1900 750 1984 siquis
774 1920 830 1965 aes
854 1921 990 1965 causam
1014 1907 1142 1965 statuae
1165 1900 1245 1966 velit
1268 1900 1387 1980 dicere,
1412 1899 1505 1986 quod

338 2008 408 2072 sine
433 2029 470 2071 00
494 2028 562 2070 11011
586 2007 691 2091 possit
714 2007 831 2072 effici.“
879 2007 953 2071 Hoc
986 2007 1178 2092 exemplum
1209 2013 1337 2072 statuae
1368 2007 1504 2072 mentio-

337 2135 416 2178 nem
440 2113 519 2177 facit
547 2113 627 2187 eius,
660 2112 750 2197 quod
786 2113 940 2177 Clemens
976 2111 1119 2190 exhibet,
1157 2113 1223 2178 scil.
1262 2121 1395 2198 tempus
1431 2134 1503 2180 esse

267 2201 272 2213 ⁸
336 2241 483 2297 causam,
519 2220 589 2284 sino
623 2240 691 2304 qua
725 2218 809 2284 nihil
844 2219 926 2284 disci
962 2220 1074 2304 possit.
1122 2219 1210 2284 Nam
1240 2227 1278 2285 ut
1301 2226 1435 2306 tempus
1459 2221 1504 2284 ita.

338 2349 394 2392 aes
419 2327 557 2391 minime
581 2333 630 2391 est
646 2347 748 2392 causa
770 2326 1046 2390 antecedens
1071 2325 1370 2416 (προκαταρκτική).
1406 2328 1503 2394 Ηο110

337 2440 451 2499 01110111
475 2434 714 2510 differentiam,
739 2455 825 2518 quae
858 2439 907 2498 est
938 2434 973 2498 in
1009 2455 1057 2510 ec,
1093 2433 1184 2518 quod
1208 2434 1322 2499 Cicero
1357 2456 1502 2510 oausam,

337 2541 431 2619 „sine
449 2561 517 2624 qua
531 2549 620 2603 non‘·
638 2539 792 2624 appellat,
810 2540 881 2624 ipse
897 2540 951 2606 vel
967 2547 1081 2605 auctor
1098 2541 1168 2605 eius
1185 2562 1253 2606 non
1272 2540 1427 2626 neglexit,
1447 2540 1502 2605 sed

338 2647 385 2710 ita
408 2647 517 2732 porgit
540 2646 576 2731 (ξ
598 2647 671 2730 oth:
703 2646 824 2724 „huius
852 2647 983 2732 generis
1012 2669 1199 2724 causarum,
1234 2646 1305 2712 sine
1337 2669 1403 2733 quo
1436 2670 1502 2713 non

340 2755 491 2831 allicitur,
517 2753 581 2817 alia
605 2761 684 2818 sunt
706 2754 828 2838 quieta,
848 2754 931 2819 nihil
948 2755 1090 2838 agentia,
1109 2755 1227 2820 stolida
1244 2755 1492 2840 quodammodo

338 2867 376 2925 nt
398 2861 501 2935 locus,
528 2867 670 2945 tempus,
684 2862 833 2939 materia,
858 2863 1060 2928 ferramenta
1084 2869 1116 2926 et
1139 2869 1247 2927 cetera
1268 2863 1399 2947 generis
1423 2863 1502 2927 eius-

339 2967 433 3046 dem;
459 2967 524 3032 alia
547 2974 658 3032 autem
683 2969 951 3052 praecursionem
976 2968 1148 3054 quandam
1171 2968 1332 3035 adhibent
1361 2969 1404 3034 ad
1439 2969 1502 3033 elfi-

339 3074 496 3138 ciendum
520 3081 552 3140 ct
575 3075 741 3160 quaedam
764 3077 910 3140 afferunt
939 3097 996 3159 per
1031 3098 1065 3140 se
1101 3075 1305 3154 adiuvantia,
1342 3076 1402 3140 etsi
1437 3097 1503 3140 non

339 3181 534 3258 necessaria,
560 3188 597 3245 ut
620 3181 726 3246 amori
750 3182 938 3266 congressio
974 3203 1109 3248 cansam
1142 3182 1298 3260 attulerit,
1330 3204 1424 3246 amor
1451 3184 1502 3247 fla-

342 3287 433 3371 gitio.
481 3288 534 3351 Ex
565 3288 628 3352 hoc
651 3309 772 3372 genere
796 3310 973 3354 causarum
997 3310 1037 3353 ex
1062 3289 1255 3354 aeternitate
1287 3289 1502 3374 pendentium

340 3395 446 3458 iatum
472 3415 492 3458 a
516 3394 634 3459 Stoicis
657 3395 831 3460 nectitur.“

447 3537 512 3602 Sed
536 3538 634 3602 etiam
659 3539 841 3624 illaquam
865 3538 964 3603 modo
988 3538 1057 3603 dixi
1082 3539 1255 3615 sententia,
1281 3540 1347 3604 scil.
1374 3541 1416 3607 rol
1435 3561 1502 3606 συν-

342 3655 435 3712 αίτια
461 3651 492 3709 et
525 3647 660 3732 συνεργοί
692 3645 777 3709 nihil
800 3667 871 3710 esse
894 3646 958 3710 nisi
990 3666 1107 3710 causas
1139 3645 1359 3726 συνεκτικούς,
1393 3647 1502 3710 0011111-

342 3757 454 3816 11101111
484 3751 579 3836 ipsis,
610 3773 695 3836 quae
728 3759 924 3837 sequuntur,
958 3752 1068 3816 verbis
1092 3752 1274 3816 Ciceronis:
1308 3753 1440 3837 „Atque
1470 3757 1504 3817 ut

343 3879 458 3922 earum
482 3880 667 3936 causarum,
682 3859 752 3923 sine
776 3858 899 3943 quibus
924 3859 1009 3923 effici
1033 3880 1101 3923 non
1125 3864 1242 3943 potest,
1260 3880 1383 3944 genera
1398 3859 1502 3936 diuisi,

344 3964 389 4028 sic
415 3965 513 4028 etiam
539 3965 754 4030 efficientium
778 3964 882 4029 dividi
906 3971 1053 4050 possunt.
1104 3966 1190 4029 Sunt
1214 3966 1302 4029 enim
1327 3967 1503 4031 011000011-

344 4092 409 4148 sae,
435 4093 520 4156 quae
545 4072 642 4156 plane
667 4072 829 4150 efficiant,
863 4072 956 4136 nulla
991 4093 1025 4136 re
1061 4071 1257 4152 adiuvante;
1291 4073 1385 4152 aliae,
1421 4093 1503 4160 quae

344 4177 496 4244 adiuvari
531 4179 648 4258 velint;
687 4185 724 4243 ut
758 4179 922 4264 sapientia
957 4179 1058 4244 0111011
1090 4179 1256 4264 sapientes
1288 4179 1357 4244 sola
1380 4202 1440 4265 per
1463 4202 1503 4254 se,

345 4282 458 4348 beatos
482 4283 604 4348 efficiat
627 4304 731 4349 necne
756 4285 825 4348 sola
849 4305 976 4369 perse,
1001 4286 1151 4369 quaestio
1176 4292 1256 4350 est.“
