3274 5434
786 337 998 401 „26-

415 531 490 608 Quo
515 532 687 598 enuntiato
704 532 872 598 Diodorus
896 532 980 598 duas
1005 555 1057 598 res
1082 533 1228 598 excludit
1251 532 1293 598 ab
1317 555 1365 612 eo,
1384 533 1477 619 quod

309 637 454 706 δυνατόν
478 639 638 724 appellat:
664 647 696 705 et
719 640 784 718 illa,
810 661 994 725 quaecum
1021 640 1264 726 praeterierint,
1289 641 1478 706 necessaria

307 752 409 830 atque
433 746 658 812 immutabilia
681 748 756 826 sint,
782 753 814 812 et
837 769 889 826 ea,
927 769 1013 832 quae
1048 769 1157 833 neque
1193 771 1284 814 nnnc
1318 749 1477 815 eveniant

310 874 421 938 neque
446 859 561 939 postea
585 861 746 920 eventura
770 855 844 920 sint.
882 855 976 919 Idem
1000 861 1049 920 est
1071 855 1174 939 igitur
1197 855 1383 920 secundum
1399 855 1476 920 Dio-

307 959 427 1024 dorum
453 959 506 1039 „id
531 961 622 1046 quod
646 961 716 1026 lieri
740 967 867 1046 potest‘
894 968 925 1026 ot
948 961 992 1040 id,
1012 961 1102 1046 quod
1127 968 1176 1026 est
1198 963 1252 1028 vel
1275 963 1345 1042 erit,
1371 983 1476 1048 quare

308 1067 399 1131 notio
413 1069 471 1137 τοῦ
484 1070 627 1138 δυνατοῦ
640 1091 678 1134 60
695 1091 795 1134 sensu
812 1091 879 1155 quo
897 1070 998 1154 vulgo
1014 1068 1192 1134 adhibetur
1207 1075 1276 1134 tota
1293 1092 1313 1135 a
1326 1070 1472 1135 Diodoro

307 1174 441 1238 tollitur.
489 1174 584 1260 §171
610 1176 723 1254 „Nihil
746 1177 826 1254 fieri,
851 1175 942 1262 quod
966 1197 1033 1240 non
1058 1197 1191 1241 necesse
1215 1176 1350 1254 1116111“;
1376 1179 1474 1258 §aaz

309 1281 361 1360 „ii,
387 1281 446 1366 qui
470 1281 585 1347 dicunt
609 1283 833 1348 immutabilia
856 1304 936 1360 esse,
962 1303 1048 1368 quae
1064 1285 1178 1348 lutura
1195 1284 1298 1363 sint“;
1324 1286 1476 1350 conferas

307 1389 407 1454 etiam
433 1389 529 1475 §132
557 1396 611 1468 „et
634 1390 798 1476 quidquid
816 1392 969 1456 futurum
993 1391 1044 1470 sit,
1069 1390 1104 1455 id
1126 1390 1207 1456 dicit
1222 1391 1389 1457 Diodorus
1405 1391 1478 1456 fieri

307 1519 440 1563 necesse
465 1505 567 1562 esse“.

413 1605 484 1670 lam
513 1627 592 1671 vero
624 1603 817 1681 videamus,
847 1605 1016 1690 quomodo
1040 1606 1153 1670 Cicero
1186 1607 1476 1691 argumentatione

306 1712 444 1778 Diodori
468 1718 590 1777 utatur.
640 1712 792 1776 Primum
816 1713 896 1777 dicit
920 1713 1046 1778 Stoicos
1071 1713 1190 1779 debere
1215 1713 1255 1778 de
1290 1735 1358 1792 „eo,
1384 1713 1476 1798 quod

305 1819 376 1883 fieri
401 1826 538 1904 potest,“
564 1820 654 1884 idem
684 1819 804 1884 sentire
841 1826 941 1903 atque
966 1819 1160 1884 Diodorum.
1217 1820 1269 1884 Ex
1304 1821 1351 1885 eis
1375 1821 1474 1898 enim,

306 1947 392 2010 quae
416 1925 457 1991 dc
481 1927 548 1992 fato
572 1927 818 2012 praeceperint,
844 1927 937 2011 sequi
968 1928 1004 1993 οό
1031 1928 1173 1995 δυνατόν
1206 1950 1275 1992 uon
1302 1927 1475 1992 admitten-

306 2032 387 2096 dum
412 2055 493 2098 esse.
541 2034 617 2098 lure
641 2034 743 2119 igitur
766 2033 954 2118 Chrysippo
986 2033 1215 2112 commendat,
1247 2041 1284 2098 ut
1308 2035 1474 2119 Megarico

307 2138 513 2204 adsentiatur
536 2140 570 2226 (ξ
597 2142 654 2205 12:
680 2140 811 2224 „vigila
838 2140 1023 2225 Chrysippe
1039 2192 1044 2204 .
1062 2191 1068 2206 .
1084 2139 1134 2227 .“).

413 2247 521 2311 Simul
543 2255 657 2313 autem
680 2254 781 2332 negat
804 2246 916 2334 (atque
940 2248 1002 2313 hoc
1026 2248 1168 2312 alterum
1192 2248 1251 2334 est)
1269 2248 1396 2326 Stoicis
1415 2250 1474 2314 etsi

308 2376 386 2418 cum
411 2353 556 2419 Diodoro
581 2355 622 2419 de
647 2377 716 2434 „eo,
742 2355 832 2440 quod
857 2355 928 2419 fieri
952 2361 1080 2439 potest‘
1106 2355 1292 2420 consentire
1322 2354 1472 2435 debeant,

304 2462 402 2526 licere
426 2461 563 2526 Diodori
587 2463 877 2547 argumentatione
901 2463 950 2526 uti
973 2461 1016 2526 ad
1041 2462 1274 2528 stabiliendam
1309 2484 1403 2528 suam
1434 2462 1474 2528 dc

305 2571 373 2634 lato
397 2568 600 2638 doctrinam:
626 2569 812 2634 Diodorum
837 2570 926 2634 enim
943 2590 1012 2633 non
1029 2569 1225 2634 confirmare
1253 2570 1313 2634 lati
1337 2570 1473 2636 necessi-

305 2676 467 2755 tudinem,
492 2677 550 2742 sed
573 2676 753 2742 verborum
769 2677 839 2742 vim
862 2676 1089 2762 interpretari:
1114 2674 1146 2762 (ξ
1159 2678 1221 2741 20:
1249 2698 1311 2741 nec
1329 2677 1352 2741 ii
1369 2715 1412 2724 -
1428 2678 1473 2742 in·

305 2788 529 2869 terpretantur
558 2816 600 2838 =
632 2785 678 2849 sie
707 2783 870 2851 beweisen
899 2783 993 2848 nicht
1023 2783 1076 2848 die
1112 2783 1381 2869 Notwendigkeit
1417 2784 1474 2850 des

304 2891 582 2977 Verhangnissea
619 2890 764 2956 condem
805 2891 1030 2956 untersnchen
1068 2913 1133 2954 nur
1166 2890 1292 2976 logisch
1330 2891 1383 2957 die
1418 2893 1474 2958 Be·

305 2998 457 3084 deutung
480 2999 540 3064 der
562 2998 729 3086 Begiiffe.)

411 3107 584 3171 Hactenus
601 3105 715 3170 omnia
728 3105 906 3191 perspicua
930 3112 1009 3170 sunt
1021 3112 1053 3170 61
1076 3106 1290 3170 consentiunt
1314 3127 1392 3170 cum
1416 3107 1471 3184 eie,

304 3235 390 3301 quac
417 3213 552 3278 aliunde
577 3213 617 3277 de
641 3213 788 3278 Diodoro
813 3213 945 3278 scimus.
995 3213 1060 3278 Sed
1083 3212 1181 3298 plura
1203 3213 1329 3278 rettulit
1353 3212 1393 3277 de
1417 3212 1472 3278 1110

304 3322 427 3403 Cicero.
475 3321 659 3405 Postquam
695 3321 786 3385 enim
810 3321 895 3385 dixit
924 3322 946 3406 ξ
973 3322 1032 3385 13:
1061 3321 1135 3400 „ille
1171 3321 1261 3386 enim
1296 3321 1329 3385 id
1366 3321 1473 3386 solum

302 3429 373 3493 fieri
398 3449 494 3513 posse
518 3427 607 3505 dicit,
626 3427 715 3512 quod
740 3433 799 3492 aut
822 3428 864 3492 sit
880 3450 998 3493 verum
1022 3435 1080 3493 aut
1095 3429 1248 3492 futurum
1265 3428 1307 3492 sit
1322 3435 1472 3506 verum,“

303 3535 338 3600 id
362 3534 453 3621 quod
476 3556 554 3600 vere
577 3535 782 3600 Diodoreum
808 3541 866 3614 est,
891 3537 1016 3621 pergit:
1055 3543 1108 3614 „et
1131 3534 1298 3621 quidquid
1321 3536 1473 3600 futurum

304 3643 355 3721 sit,
385 3643 420 3707 id
444 3643 524 3707 dicit
547 3642 617 3707 fieri
642 3664 775 3708 necesse
800 3664 881 3721 esse,
906 3649 938 3707 et
962 3642 1127 3728 quidquid
1152 3664 1220 3706 non
1245 3642 1287 3706 sit
1310 3643 1473 3721 futurum,

302 3750 336 3815 id
362 3757 463 3835 negat
485 3750 556 3814 fieri
580 3757 710 3835 posse.“
758 3750 914 3825 Quocum
937 3749 1083 3814 concinit
1107 3750 1128 3836 ξ
1156 3749 1205 3828 17,
1221 3751 1272 3814 20.

410 3857 603 3922 Secundum
638 3857 833 3921 Ciceronem
877 3856 979 3940 igitur
1011 3855 1178 3921 Diodorus
1214 3857 1327 3921 futura
1362 3855 1475 3922 docuit

303 3987 380 4030 oum
406 3965 601 4029 necessitate
624 3963 711 4042 fieri;
737 3962 772 4027 id
795 3970 908 4028 autem
932 3964 966 4027 in
999 3964 1197 4028 testimoniis
1231 3963 1271 4028 de
1302 3985 1358 4041 eo,
1389 3985 1474 4049 quae

302 4095 404 4158 supra
428 4072 533 4151 attuli,
558 4083 625 4136 non
651 4071 780 4156 legitur.
829 4071 923 4136 Haec
947 4071 974 4136 si
998 4071 1188 4156 sequimur,
1213 4071 1381 4136 Diodorus
1404 4071 1474 4135 fieri

308 4201 405 4266 posse
431 4180 516 4244 dixit
538 4179 583 4257 id,
608 4178 700 4264 quod
723 4185 772 4243 est
796 4179 865 4244 sive
890 4179 961 4257 erit,
986 4185 1019 4243 et
1042 4178 1227 4243 necessaria
1260 4199 1330 4242 esse
1358 4199 1474 4263 prae·

301 4289 444 4352 terita.
493 4287 543 4352 De
567 4287 763 4352 necessitate
787 4288 977 4351 futurorum
1002 4286 1132 4351 tacebat
1162 4286 1199 4362 16,
1236 4285 1295 4370 qui
1331 4291 1474 4350 tantum-

301 4395 401 4460 modo
427 4394 570 4464 ὁονατοῦ
593 4394 683 4460 vocis
707 4394 778 4459 vim
800 4395 1077 4478 interpretaturus
1102 4399 1179 4458 erat.

412 4503 573 4568 Videmus
598 4501 701 4587 igitur
724 4501 786 4566 hoc
816 4501 887 4566 1060
921 4501 1135 4566 coniunctam
1170 4521 1240 4565 esse
1273 4499 1473 4564 allicerone

301 4634 379 4678 cum
405 4610 695 4696 argumentatione
719 4613 778 4678 τοῦ
802 4610 1002 4695 κυριεύοντος
1031 4609 1104 4673 eam
1130 4607 1334 4687 doctrinam,
1370 4627 1473 4692 quam
