3274 5434
766 351 986 417 ..38-

298 548 489 614 Alexandro
512 547 690 626 invenisse,
724 569 811 636 quae
843 546 1007 612 Carneadi
1038 547 1173 633 propria
1196 551 1284 612 sunt.
1331 543 1467 609 Desunt

299 677 356 722 eac
380 655 561 721 Carneadis
586 656 779 732 sententiae,
805 654 928 740 quibus
952 655 1110 740 Megarici
1138 654 1324 720 doctrinam
1347 653 1465 738 ampli-

299 762 421 841 ficavit,
447 763 553 829 velut:
581 762 685 842 „nihil
709 762 790 840 fieri,
815 761 905 848 quod
930 783 998 826 non
1023 782 1154 846 semper
1183 781 1317 826 necesse
1341 760 1464 825 fuerit‘

301 869 497 957 (Cic.§17;
533 870 573 934 cf.
599 891 701 955 supra
727 891 758 955 p.
791 869 854 956 27),
891 890 963 947 „res
997 869 1126 934 futuras
1160 868 1363 934 necessarias
1397 889 1466 934 eas-

302 1000 368 1065 que
392 1000 461 1043 non
484 977 596 1042 minus
620 997 716 1044 veras
731 999 802 1042 esse
819 998 923 1063 quam
947 998 998 1042 res
1021 981 1232 1062 praesentes“
1257 974 1335 1062 (Cic.
1360 980 1379 1058 ξ
1406 976 1464 1042 18:

300 1107 362 1152 nec
377 1085 485 1172 magis
501 1084 710 1150 immutabile
735 1106 775 1150 ex
790 1105 870 1151 vero
888 1085 923 1149 in
939 1084 1062 1150 falsum
1078 1083 1246 1163 „Necatus
1264 1088 1313 1148 est
1331 1081 1464 1168 Scipio“

302 1215 405 1279 quam
441 1192 643 1273 „Necabitur
666 1191 809 1278 Scipio“,
847 1193 888 1256 ci.
914 1213 1016 1277 supra
1048 1214 1079 1277 p.
1106 1191 1170 1274 27).
1218 1189 1350 1267 Quibus
1373 1212 1466 1276 prae·

302 1301 406 1386 ceptis
422 1301 560 1365 fortasse
577 1299 684 1364 simile
700 1305 759 1378 est,
774 1298 865 1384 quod
881 1299 1002 1384 legitur
1017 1299 1067 1363 De
1083 1299 1151 1363 lato
1167 1319 1193 1363 c.
1216 1297 1250 1361 X
1266 1319 1297 1382 p.
1319 1298 1390 1377 177,
1403 1298 1464 1364 25;

303 1411 373 1475 ἄλλ’
390 1415 423 1474 el
435 1405 501 1475 τότ’
519 1409 654 1494 α’ληθές,
674 1407 800 1494 οἷληθὲς
822 1407 913 1474 ἔσται
936 1408 1093 1494 ἐνστάσης
1115 1410 1170 1493 τῆς
1187 1403 1314 1496 αὔριον,
1332 1408 1465 1492 ἀξίωμα

301 1516 337 1583 cd
363 1517 398 1592 ἐξ
421 1516 565 1603 α’νοῖγκης
579 1526 747 1598 γεγονέναι
772 1528 971 1600 ναυμαχίαν.
1008 1513 1125 1598 Neque
1141 1519 1253 1578 tamen
1277 1511 1341 1577 hoc
1363 1534 1467 1578 enun-

302 1622 382 1687 tiato
407 1620 612 1705 significatur
635 1641 707 1684 rem
737 1624 824 1684 certe
848 1620 998 1684 futuram
1028 1641 1096 1684 non
1120 1619 1234 1684 minus
1256 1640 1371 1686 veram
1394 1641 1466 1686 esse

303 1749 405 1812 quam
429 1726 650 1812 praeteritam,
685 1726 742 1790 sed
768 1727 897 1790 futuras
931 1725 1068 1810 quidem
1103 1747 1155 1791 res
1177 1747 1274 1792 veras
1298 1747 1378 1805 esse,
1412 1749 1466 1792 ne-

303 1834 460 1900 cessarias
483 1838 596 1897 autem
620 1855 674 1898 eas
699 1833 795 1910 solas,
820 1854 906 1918 quae
929 1833 997 1898 iam
1026 1833 1257 1919 praeterierint
1284 1832 1336 1920 (ct.
1364 1854 1466 1918 supra

303 1964 333 2028 p.
351 1940 414 2027 36),
440 1961 541 2025 quam
567 1939 767 2004 sententiam
784 1941 940 2006 novimus
959 1940 1001 2005 ad
1018 1940 1204 2006 Diodorum
1219 1941 1333 2026 ipsum
1349 1941 1465 2006 redire.

304 2049 379 2113 Alia
402 2053 524 2124 autern,
550 2068 636 2132 quae
660 2046 824 2112 Carneadi
848 2047 970 2112 similia
992 2047 1179 2126 videantur,
1204 2069 1273 2112 non
1297 2047 1421 2116 inveni.

411 2173 486 2248 Quo
511 2170 646 2250 accedit,
672 2170 763 2256 quod
780 2170 967 2236 Carneades
988 2178 1021 2237 et
1036 2171 1235 2251 Alexander,
1259 2193 1468 2259 quamquam

304 2286 444 2364 uterque
477 2279 512 2343 in
548 2277 666 2342 Stoicis
705 2277 843 2362 quidem
877 2277 1118 2364 impugnandis
1157 2279 1295 2345 Diodori
1327 2279 1468 2364 vestigia

303 2386 462 2472 sequitur,
488 2392 601 2450 tamen
625 2385 665 2450 de
689 2405 728 2450 ea
751 2385 955 2468 quaestione,
990 2384 1155 2470 quidnam
1178 2386 1220 2450 sit
1246 2387 1284 2453 τό
1311 2384 1463 2464 δυνατόν,

307 2493 516 2559 dissentiunt.
558 2491 763 2556 Carneadem
788 2492 887 2569 enim,
912 2513 1121 2578 quamquam
1145 2493 1229 2557 nihil
1253 2493 1332 2558 certi
1348 2493 1389 2558 de
1404 2493 1467 2558 hac

306 2623 340 2665 re
366 2600 456 2685 apud
480 2599 674 2665 Ciceronem
693 2599 895 2678 invenimus
920 2604 1034 2666 tamen
1050 2598 1140 2685 quod
1165 2598 1312 2665 Diodoro
1344 2600 1469 2686 placuit

306 2706 463 2793 probasse
484 2707 598 2791 liquet,
616 2706 741 2792 quippe
771 2705 866 2771 cuius
897 2705 1048 2771 doctrina
1070 2728 1139 2772 non
1162 2707 1271 2772 solum
1290 2705 1333 2772 ad
1356 2706 1467 2773 adver-

307 2815 409 2880 sarios
427 2813 623 2879 refellendos
638 2819 760 2892 utatur,
786 2812 844 2878 sed
867 2834 971 2898 quam
994 2812 1148 2898 suppleat
1171 2819 1271 2898 atque
1296 2819 1327 2878 ct
1351 2813 1467 2880 Stoicis

307 2928 339 2987 et
363 2921 535 3007 Epicureis
553 2919 764 2985 commendet
787 2918 819 3006 (ξ
840 2920 988 3008 res-20),
1014 2941 1159 3004 quarum
1181 2921 1468 3005 paragraphorum

307 3035 477 3094 auctorem
510 3048 580 3092 csse
611 3026 817 3092 Carneadem
850 3025 930 3091 inde
965 3034 1112 3112 apparet,
1145 3026 1236 3113 quod
1266 3028 1302 3091 in
1335 3027 1468 3094 easdem

309 3136 490 3201 sententias
506 3134 542 3198 in
559 3139 599 3215 βξ
613 3135 665 3212 21,
679 3135 731 3212 22,
746 3134 788 3197 27
801 3132 991 3213 incidimus,
1007 3155 1092 3219 quas
1109 3133 1273 3199 Carneadi
1293 3134 1468 3202 Schmekel

307 3245 378 3308 iure
402 3241 562 3307 attribuit.
609 3239 800 3305 Alexander
832 3246 945 3305 autem
973 3241 1088 3326 procul
1112 3241 1214 3319 abest,
1247 3247 1285 3306 ut
1307 3241 1348 3306 de
1372 3243 1468 3309 inter-

307 3349 491 3437 pretatione
514 3357 571 3417 τοῦ
594 3351 740 3416 δυνατοῦ
762 3368 839 3411 cum
863 3347 1008 3412 Diodoro
1025 3348 1217 3413 consentiat.
1251 3348 1364 3425 Quam
1379 3350 1468 3414 enim

307 3457 444 3521 ineunte
468 3455 574 3540 capite
597 3455 631 3519 X
660 3454 735 3519 libri
758 3454 808 3518 De
840 3454 908 3519 fato
940 3455 1097 3520 refutavit
1127 3455 1354 3521 definitionem
1388 3457 1466 3522 Stoi·

308 3585 423 3629 corum
446 3562 517 3647 ipse
534 3561 670 3627 adhibet
692 3562 826 3637 Quaest.
852 3560 922 3625 118
938 3563 971 3646 p.
988 3562 1085 3640 3027
1099 3584 1173 3648 sqq.
1207 3562 1274 3628 Ubi
1290 3570 1469 3650 postquam

308 3669 480 3756 praemisit
503 3690 577 3734 eam
601 3669 839 3747 definitionem,
865 3689 933 3754 qua
955 3669 989 3733 in
1015 3675 1134 3755 quarta
1158 3690 1292 3755 quoque
1320 3671 1469 3737 eiusdem

308 3779 383 3844 libri
416 3778 618 3854 Quaestione
650 3777 755 3842 utitur
784 3777 942 3856 (ὀονατόν
974 3780 1058 3844 εἶναι
1083 3779 1209 3846 οἷόντε
1232 3778 1319 3847 εἶναι
1343 3777 1469 3868 dyest·

310 3895 395 3954 σθαι
419 3885 586 3954 ἀκώλυτον
611 3885 669 3972 ὅν),
694 3884 741 3948 ita
764 3884 886 3969 pergit:
912 3888 950 3954 οῦ
973 3887 1036 3974 γαρ
1059 3895 1106 3977 τῷ
1129 3884 1262 3968 πάντως
1277 3884 1470 3977 γενέσθαιῆ

310 4002 367 4062 τοῦ
392 3995 534 4061 δυνατοῦ
557 4005 666 4083 κρίσις,
691 3988 777 4058 α’λλολ
801 3999 847 4082 τῷ
869 3993 912 4080 μή
938 3995 1147 4061 κεκωλῦσθαι
1169 4002 1329 4079 γενέσθαι
1353 3996 1436 4063 αὐτό
1462 4016 1468 4030 ·

310 4098 453 4169 δυνατόν
481 4101 546 4187 yolo
580 4101 674 4168 οὐδὲν
702 4093 800 4187 ἧττον
828 4100 864 4166 cri
888 4096 931 4185 pti
956 4099 1159 4184 κωλυόμενον
1187 4097 1253 4170 rint
1277 4125 1362 4176 τινος
1385 4129 1470 4193 περι·

310 4205 449 4286 στάσεως
488 4211 646 4289 γενέσθαι
676 4205 757 4295 node
792 4205 811 4274 δ’
842 4205 903 4292 τήν
932 4206 1177 4295 ἒποτηόειότητα
1219 4208 1295 4292 ἔχει,
1329 4206 1393 4276 κᾶν
1423 4208 1468 4298 μή

310 4326 452 4401 γένηται.
499 4313 575 4377 Non
607 4313 715 4378 solum
746 4313 848 4398 igitur
870 4313 981 4380 verbis
1010 4307 1049 4383 od
1078 4319 1123 4404 τῷ
1154 4315 1286 4394 πάντως
1312 4322 1469 4398 γενέσθαι

311 4415 411 4508 ἢτοῦ
435 4422 577 4490 δυνατοῦ
600 4436 699 4509 κρίσις
728 4420 849 4486 diserte
879 4420 1025 4486 Diodoro
1056 4420 1256 4506 obloquitur,
1290 4420 1347 4487 sed
1378 4422 1470 4488 addit

312 4526 412 4592 ctiam
444 4527 546 4592 verba
576 4526 640 4596 adr
670 4529 714 4616 μή
743 4539 887 4616 γένηται.
933 4533 1033 4614 taque
1061 4548 1129 4591 non
1160 4529 1230 4593 iarn
1258 4528 1377 4596 retinet
1404 4529 1468 4616 opi-
