3274 5434
786 349 1005 414 ..12-

312 544 432 610 cedit
472 546 747 626 Carneades,
781 547 932 632 sequitur
963 546 1102 624 Stoicus
1145 546 1267 611 iterum
1298 544 1476 632 respondet

313 652 508 719 Carneades,

419 759 463 824 At
486 761 632 826 vidimus
665 762 750 847 §31
784 761 940 847 scriptam
965 782 1035 826 esse
1060 782 1079 825 a
1103 761 1270 837 Cicerone,
1303 766 1341 824 ut
1369 761 1476 824 aliena

313 866 538 952 coniungeret,
562 869 583 932 i.
610 891 635 934 e.
662 874 699 933 ut
722 868 764 933 ab
788 868 911 953 ignava
934 868 1070 945 ratione,
1097 882 1202 952 quam'
1231 866 1271 932 de
1302 889 1362 932 suo
1393 867 1474 932 inse-

316 979 435 1052 ruerat,
462 981 646 1040 revertatur
676 975 719 1040 ad
750 974 966 1039 Clitomachei
999 973 1073 1038 libri
1098 995 1172 1038 eam
1203 980 1342 1058 partem,
1372 995 1473 1058 quam

316 1080 363 1166 §S
387 1082 518 1145 atu-28
555 1089 687 1148 secutus
711 1088 780 1147 erat
805 1089 836 1147 et
859 1102 949 1147 nunc
973 1081 1084 1146 denuo
1108 1087 1282 1146 secuturus
1311 1087 1369 1146 est.
1416 1080 1474 1144 Re-

313 1209 448 1254 moveas
473 1189 518 1276 §S
545 1191 673 1254 28--31
699 1188 830 1276 (rectius
855 1187 1027 1273 usquead
1059 1189 1126 1266 „ita
1153 1187 1282 1253 dicere“
1307 1186 1342 1252 in
1365 1187 1387 1273 ξ
1410 1186 1473 1272 32),

318 1300 350 1359 11
373 1297 486 1361 omnia
516 1297 640 1382 optime
669 1295 859 1382 procedent.
899 1295 987 1359 Turn
1022 1295 1125 1362 verba
1149 1295 1336 1360 Stoicorum
1366 1293 1398 1380 (ξ
1421 1293 1474 1379 32)

314 1400 468 1468 videmus
492 1404 527 1468 in
545 1404 769 1469 Clitomacheo
785 1402 869 1468 libro
886 1402 974 1467 dicta
990 1424 1060 1468 esse
1077 1408 1192 1468 contra
1214 1401 1259 1480 id,
1279 1401 1369 1487 quod
1385 1400 1474 1486 apud

313 1508 506 1575 Ciceronem
539 1515 580 1592 §S
614 1511 654 1574 27
691 1516 723 1574 et
755 1511 796 1574 28
820 1509 971 1594 legimus.
1023 1507 1156 1593 Optime
1180 1515 1291 1573 autern
1309 1507 1475 1594 quadrant

313 1615 394 1680 haec
410 1615 512 1681 verba
535 1616 578 1681 ad
594 1616 725 1680 illarum
755 1616 1042 1701 paragraphorum
1070 1621 1315 1699 argumentum.
1350 1615 1474 1698 Omnes

314 1723 403 1787 enim
437 1745 488 1788 res
525 1723 712 1788 Carneades
744 1723 791 1788 ibi
825 1723 1101 1807 pronuntiaverat
1130 1744 1199 1787 non
1222 1728 1357 1786 aeterna
1392 1721 1474 1786 serie

313 1850 491 1894 causarum
508 1831 602 1909 effici,
628 1829 686 1896 sed
710 1852 751 1894 ex
768 1830 961 1895 aeternitate
985 1851 1080 1920 ueras
1097 1850 1176 1895 esse.
1195 1828 1365 1896 Adversus
1388 1830 1475 1894 hanc

312 1935 415 2020 igitur
431 1937 691 2023 disputationem
709 1937 833 2022 optime
846 1937 1050 2021 intellegitur
1063 1936 1289 2022 Chrysippum
1298 1937 1362 2001 hoc
1375 1935 1474 2001 modo

312 2043 528 2128 respondere:
548 2044 697 2124 „Quodsi
708 2043 897 2121 conceditis,
911 2043 1031 2128 inquit,
1041 2065 1140 2108 omne
1152 2045 1304 2108 futurum
1318 2064 1359 2108 ex
1375 2049 1473 2108 aeter-

313 2150 417 2215 nitate
429 2173 546 2216 verum
559 2173 639 2228 esse,
653 2152 758 2216 latum
769 2151 881 2235 ipsum
896 2151 941 2214 in
951 2173 973 2216 v
983 2150 993 2214 i
1004 2151 1039 2214 ti
1062 2171 1142 2214 con
1152 2172 1169 2214 c
1180 2171 1197 2214 e
1208 2148 1293 2213 diti
1304 2170 1337 2228 s;
1352 2149 1474 2214 etenim

314 2257 341 2320 si
364 2256 411 2322 ita
434 2279 485 2322 res
509 2280 543 2322 se
577 2259 686 2337 habet,
717 2257 829 2322 omnia
861 2278 950 2322 nexu
975 2256 1122 2342 quodam
1146 2277 1322 2321 causarum
1357 2257 1472 2320 fiunt‘.

313 2363 426 2429 Habes
443 2385 588 2444 causam,
620 2387 679 2430 cur
719 2365 807 2452 §32
832 2386 880 2449 sq.
915 2365 1036 2428 iterum
1068 2363 1257 2448 iterumque
1288 2362 1474 2428 Carneades

312 2471 491 2536 contendat
519 2493 587 2536 non
611 2470 754 2536 eandam
778 2492 848 2536 esse
873 2492 966 2535 suam
1002 2491 1136 2535 causam
1172 2491 1249 2534 cum
1278 2469 1471 2535 Stoicorum.

417 2578 534 2662 ltaque
551 2577 810 2643 tundamentum
827 2577 1113 2662 paragraphorum
1130 2577 1262 2641 20--34
1275 2583 1324 2642 est
1336 2576 1473 2641 Carnea-

312 2684 362 2749 dis
386 2683 554 2750 doctrinae
579 2684 711 2750 delato
736 2684 923 2749 Stoicorum
947 2685 1111 2762 refutatio,
1145 2705 1231 2769 quae
1255 2684 1301 2748 ita
1323 2683 1475 2748 instituta

312 2797 390 2869 erat,
416 2797 453 2855 ut
476 2791 624 2876 primum
643 2791 830 2886 Stoicorum
853 2791 1065 2856 conclusione
1090 2791 1260 2876 proposita
1283 2789 1315 2877 (ξ
1331 2789 1384 2878 20)
1400 2790 1473 2855 Car-

311 2898 434 2963 neades
459 2920 555 2964 suam
579 2899 779 2964 sententiam
803 2904 983 2983 exponeret
1017 2897 1140 2986 (-26),
1166 2897 1286 2963 deinde
1310 2897 1361 2962 bis
1388 2897 1474 2962 oblo-

312 3012 495 3091 querentur
529 3007 629 3073 Stoici
662 3005 821 3093 (primum
854 3007 957 3088 §⁴26:
1007 3006 1108 3091 „quia
1140 3007 1253 3071 lutura
1286 3027 1385 3071 vera.
1402 3057 1407 3068 .
1423 3056 1427 3068 .
1444 3011 1473 3082 “,

310 3114 432 3178 iterum
457 3113 537 3200 §32
563 3115 612 3195 „si
635 3136 734 3180 omne
758 3116 909 3179 futurum
926 3167 931 3177 .
948 3167 953 3178 .
970 3165 976 3176 .
992 3113 1022 3202 “l
1046 3120 1078 3178 et
1101 3113 1338 3178 refellerentur.
1372 3113 1474 3177 Hunc

312 3221 551 3286 sententiarum
575 3243 740 3287 conexum
764 3221 912 3288 turbavit
928 3242 976 3299 eo,
1001 3220 1101 3306 quod,
1126 3211 1306 3306 postquam
1329 3219 1363 3284 id
1384 3219 1475 3304 quod

312 3330 461 3413 primum
484 3335 710 3414 opposuerant
734 3328 835 3393 Stoici
858 3328 1024 3405 refutavit,
1045 3328 1234 3413 argumenti
1258 3325 1475 3392 similitudine

312 3434 471 3501 inductus
495 3436 733 3520 digressionem
758 3435 946 3500 institueret
979 3434 1019 3499 de
1053 3435 1176 3520 ignava
1199 3434 1335 3510 ratione,
1361 3439 1475 3518 utpote

312 3563 496 3626 quaneque
511 3542 612 3607 Stoici
624 3562 734 3626 neque
742 3540 935 3606 Academici
946 3542 1017 3605 iure
1025 3546 1247 3620 vexarentur,·
1260 3539 1380 3604 deinde
1390 3546 1474 3624 post-

314 3670 418 3732 quam
433 3650 620 3736 explicavit,
630 3670 697 3735 quo
706 3648 806 3713 modo
816 3648 916 3713 Stoici
930 3670 963 3712 se
977 3647 1019 3712 ab
1029 3648 1085 3712 illa
1102 3647 1328 3726 defenderent,
1344 3646 1475 3712 videtur

312 3757 492 3822 Carneadis
509 3756 549 3822 de
567 3756 684 3821 eadem
700 3778 734 3821 re
756 3756 948 3840 opinionem
965 3755 1155 3840 prolaturus
1173 3776 1263 3820 esse:
1290 3754 1347 3819 sed
1363 3755 1474 3819 nescio

312 3886 379 3950 quo
411 3864 519 3930 taedio
543 3870 714 3949 correptus
749 3863 812 3927 hac
844 3862 1068 3948 disputatione
1092 3863 1277 3947 intercepta
1301 3861 1475 3926 revertitur

200 4049 203 4054 Ι
312 3971 354 4037 ad
369 3972 479 4058 priora
495 3977 527 4054 et
543 3972 768 4056 interruptum
784 3976 1022 4054 argumentum
1039 3975 1209 4054 pertexere
1226 3969 1342 4053 pergit.
1376 3967 1473 4043 Quod

312 4079 358 4143 ita
380 4079 534 4157 instituit,
566 4085 603 4142 111
634 4077 850 4155 Carneadem,
884 4099 986 4161 quem
1018 4083 1249 4162 exspectamus
1282 4074 1322 4139 de
1352 4075 1474 4159 ignava

312 4185 439 4250 ratione
463 4185 629 4250 dicturum
649 4205 729 4262 esse,
747 4182 891 4248 breviter
907 4182 1246 4269 comprehendentem
1262 4183 1370 4260 iaciat,
1388 4202 1473 4266 quae

312 4293 379 4357 lere
403 4298 501 4358 antea
524 4291 564 4356 de
588 4293 656 4356 tato
681 4290 818 4368 dixerat,
844 4291 911 4355 scil.
938 4297 975 4356 ut
998 4290 1136 4355 alteram
1154 4289 1341 4354 Stoicorum
1365 4289 1473 4354 delen·

313 4400 441 4464 sionem
465 4405 542 4484 apte
566 4399 728 4463 adnectat.

420 4525 519 4590 Hanc
543 4524 662 4590 deinde
687 4524 800 4589 Cicero
824 4523 940 4610 paucis
963 4524 1010 4588 ita
1033 4523 1135 4594 reicit.
1159 4528 1196 4586 ut
1219 4521 1307 4586 dicat
1330 4521 1474 4585 multum
