3274 5434
645 415 869 490 a—3-

186 608 365 692 fragmenti
389 609 514 692 quarti:
540 621 628 698 φέρει
653 613 689 678 δὲ
721 623 776 678 καὶ
801 611 903 700 ἄλλην
937 612 1111 690 οἷπόόειξιν
1147 615 1184 682 ἒν
1207 617 1253 702 τῷ
1277 641 1351 702 προ-

187 726 342 806 ειρημένῳ
373 723 431 788 (se.
469 718 618 807 δευτέρῳ)
653 720 773 808 ’βιβλίῳ
808 721 960 806 τοιαύτην
993 721 1071 787 τινά
1095 741 1101 752 ·
1126 719 1171 809 μή
1207 722 1270 809 reip
1306 720 1351 788 dv

185 818 245 902 wig
259 830 325 889 τῶν
338 820 490 908 μάντεων
506 821 693 912 προρρήσεις
725 828 863 912 ἀληθεῖς
883 829 975 894 εἶναι
994 849 1098 914 φησιν,
1116 835 1146 894 εἰ
1167 828 1210 914 μή
1236 829 1350 895 πάντα

185 925 251 996 duri
281 937 337 1015 τῆς
360 937 555 1019 εἱμαρμένης
583 942 793 1020 περιείχοντο.
852 931 979 997 Eadem
1003 933 1112 1018 priore
1140 941 1233 1018 parte
1263 933 1350 998 Cice-

187 1035 327 1104 roniana
349 1037 510 1100 contineri
528 1036 604 1120 quis
628 1058 695 1102 non
720 1037 835 1103 videt?
882 1038 1063 1103 Ordiamur
1074 1039 1176 1124 igitur
1199 1061 1219 1104 a
1242 1041 1348 1125 eapite

186 1141 317 1207 decimo
334 1148 441 1228 atque
465 1142 547 1228 quid
572 1143 614 1208 sit
636 1152 874 1228 argumentum
908 1146 1009 1210 huius
1045 1147 1157 1230 partis,
1182 1167 1351 1232 percense-

185 1269 294 1314 amus.

296 1462 470 1528 Schmekel
496 1465 587 1530 hunc
610 1465 722 1530 locum
752 1465 875 1552 (usque
899 1465 942 1531 ad
967 1473 986 1548 ξ
1010 1464 1064 1554 38)
1087 1467 1209 1532 iterum
1233 1467 1352 1534 dividit

185 1569 222 1632 in
258 1570 438 1654 particulas
474 1571 557 1636 duas
592 1571 633 1658 (p.
663 1571 754 1659 leel:
795 1573 881 1637 »Der
916 1575 1027 1639 zweite
1051 1575 1123 1638 Teil
1158 1575 1300 1640 umiesst
1323 1595 1350 1641 c,

190 1677 440 1756 10‚20--17,39.
488 1679 534 1742 Er
556 1677 736 1743 behendelt
760 1679 825 1744 den
849 1680 949 1745 Streit
976 1679 1159 1766 Chrysipps
1183 1679 1254 1745 und
1276 1682 1351 1766 Epi-

188 1781 269 1849 kurs
292 1783 375 1848 iiber
398 1784 451 1850 die
474 1785 591 1870 Frage,
616 1785 659 1850 ob
691 1784 784 1871 jeder
807 1787 1002 1871 Ausspruch
1028 1787 1120 1852 wahr
1143 1787 1223 1852 oder
1246 1788 1351 1853 lalsch

186 1893 244 1971 sei,
280 1891 350 1955 und
382 1891 558 1978 berichtigt
594 1892 647 1957 die
684 1892 803 1958 darauf
837 1900 1023 1978 gestiitzten
1047 1894 1281 1979 Folgerungen
1312 1893 1349 1981 (c.

188 2000 428 2079 roro-1228
452 1999 507 2086 m).
568 2000 666 2065 Diese
704 2000 944 2086 Berichtigung
975 2000 1067 2086 giebt
1099 2001 1352 2086 Veranlassung

185 2128 227 2171 zu
262 2106 321 2171 der
355 2104 729 2192 Auseinendersetzung
764 2107 847 2172 iiber
882 2107 946 2173 den
982 2129 1093 2193 sogen.
1126 2111 1223 2198 οἷργὸς
1246 2108 1350 2193 λόγος,

184 2214 221 2278 in
255 2213 396 2279 welcher
430 2214 558 2299 gezeigt
586 2214 677 2292 wird,
714 2213 790 2279 dass
826 2213 879 2279 die
903 2215 1010 2280 Lehre
1048 2215 1231 2301 Chrysipps
1267 2222 1351 2280 trotz

185 2320 293 2385 seinos
326 2320 601 2406 Widerspruches
638 2320 721 2386 eben
755 2321 869 2386 diesen
905 2325 1004 2411 οἰργός
1026 2323 1127 2404 ·λο’γος
1159 2344 1217 2386 zur
1249 2322 1350 2406 Fulge

184 2427 271 2492 habe
299 2426 337 2513 (c.
358 2427 638 2514 12,28-16,38).«
688 2428 787 2492 Hanc
803 2428 1003 2494 divisionem
1026 2429 1218 2514 bipartitam
1235 2450 1349 2494 veram

187 2556 258 2600 esse
282 2556 377 2619 nego.
426 2535 491 2599 Sed
514 2535 690 2600 veniamus
714 2534 757 2600 ad
781 2535 922 2620 singula.

293 2660 518 2745 Anteponitur
541 2659 600 2724 toti
635 2660 823 2745 quaestioni
861 2661 1009 2748 (ineunte
1033 2662 1140 2746 capite
1164 2662 1220 2749 X.)
1250 2661 1350 2746 Chry·

187 2768 275 2852 sippi
299 2774 545 2851 argumentum,
570 2789 638 2852 quo
663 2768 770 2832 latum
795 2767 935 2852 probare
959 2767 1078 2846 studet,
1104 2769 1199 2833 cuius
1217 2789 1351 2832 summa

186 2875 271 2938 haec
295 2880 364 2939 est:
389 2873 481 2938 Inter
504 2893 621 2938 omnes
644 2879 774 2939 constat
797 2895 897 2940 omne
921 2875 1133 2940 enuntiatum
1157 2882 1215 2940 aut
1233 2896 1350 2940 verum

188 3002 259 3046 esse
283 2987 342 3046 aut
365 2981 497 3046 falsum.
540 2980 639 3058 Quod
663 2987 775 3046 autem
800 2981 871 3046 siue
895 3003 996 3046 causa
1018 2983 1064 3060 fit,
1100 3003 1210 3067 neque
1232 3003 1351 3048 verum

188 3109 297 3172 neque
321 3087 444 3152 lalsum
467 3094 525 3153 est.
573 3087 732 3172 Sequitur
754 3087 887 3152 nullum
902 3095 1033 3153 motum
1049 3109 1120 3154 esse
1144 3089 1215 3154 sine
1239 3109 1348 3154 eausa.

188 3194 287 3271 Quod
312 3195 339 3259 si
362 3195 409 3259 ita
432 3201 490 3273 est,
516 3194 630 3259 omnia
653 3195 762 3261 causis
785 3196 871 3260 fiunt
895 3196 1104 3280 antegressis,
1128 3197 1148 3260 i.
1175 3217 1200 3261 e.
1227 3198 1350 3262 lato.-

293 3320 416 3384 Contra
439 3319 526 3384 hanc
562 3321 887 3405 argumentationem
922 3321 1071 3406 primum
1108 3323 1245 3386 affertur
1268 3323 1351 3407 quid
1396 3304 1408 3333 '

188 3427 342 3512 Epicurei
360 3426 531 3512 disputent
555 3426 732 3514 (usquead
757 3433 776 3508 ξ
801 3429 865 3514 23).
900 3428 966 3504 Qui
992 3428 1122 3493 etiarnsi
1146 3429 1259 3492 omnia
1282 3429 1350 3494 leto

187 3534 258 3600 fieri
281 3535 407 3619 optimo
431 3534 503 3598 iure
527 3541 661 3619 negant,
694 3540 806 3599 tamen
837 3534 880 3598 ad
912 3535 1104 3599 refutandos
1128 3535 1254 3600 Stoicos
1282 3557 1350 3600 non

188 3650 276 3706 recta
293 3646 434 3705 utuntur
450 3641 588 3707 ratione.
635 3641 709 3706 Non
748 3641 856 3706 solum
872 3642 962 3706 enim
986 3642 1164 3707 minimam
1179 3641 1351 3726 quandem

188 3770 259 3813 esse
282 3749 538 3813 declinationem
568 3755 757 3813 atomorum
793 3749 863 3813 sine
898 3749 1027 3813 idoneis
1060 3749 1265 3834 argumentis
1289 3755 1350 3814 ste·

188 3862 296 3934 tuunt,
315 3855 373 3920 sed
389 3856 500 3934 etiam,
518 3876 595 3920 cum
613 3855 869 3920 declinationem
885 3856 977 3920 illam
996 3856 1089 3920 nulla
1105 3876 1206 3921 causa
1224 3862 1350 3920 motam

187 3983 259 4027 esse
290 3963 403 4041 velint,
440 3962 706 4030 adversariorum
740 3962 973 4031 enuntiatum:
1008 3984 1106 4027 omne
1138 3966 1268 4050 ἀξίωμα
1293 3970 1351 4027 aut

188 4091 305 4136 verum
330 4091 400 4134 esse
424 4077 483 4134 aut
506 4069 638 4147 falsum,
664 4068 754 4154 quod
779 4069 991 4134 verissimum
1008 4076 1066 4147 est,
1092 4090 1267 4154 perperam
1292 4069 1349 4134 rei-

188 4177 290 4242 ciunt.
338 4177 579 4262 Epicureorum
615 4183 728 4241 autem
764 4175 884 4240 rationi
919 4175 1101 4261 opponitur
1134 4179 1172 4254 (e.
1200 4178 1251 4257 ll)
1275 4176 1350 4241 (lar-

188 4284 318 4349 nendos.
368 4284 470 4349 Plane
494 4284 658 4348 consentit
678 4284 732 4348 ille
768 4304 845 4348 curn
870 4282 1043 4368 Epicureis
1079 4283 1218 4347 minime
1254 4304 1349 4368 posse

188 4390 324 4456 concedi
360 4391 444 4455 nihil
467 4411 538 4456 esse
573 4390 769 4469 inmunde,
805 4391 896 4478 quod
928 4411 997 4454 non
1031 4392 1099 4454 lato
1133 4389 1351 4475 insuperabili

189 4504 342 4583 regatur;
368 4505 483 4563 contra
517 4519 587 4563 esse
612 4497 783 4583 quendam
817 4497 922 4562 animi
957 4503 1088 4562 motum
1111 4496 1348 4563 voluntarium.

189 4605 254 4671 Sed
277 4612 315 4670 ut
343 4605 406 4670 hoc
430 4605 636 4671 demonstret
658 4626 727 4669 non
750 4605 901 4689 confugit
928 4603 971 4668 ad
993 4604 1124 4688 ineptas
1142 4603 1280 4748 lillorum
1303 4625 1350 4668 ar-
