3274 5434
542 1103 593 1169 Ile
617 1100 875 1183 significatione
898 1105 955 1168 τοῦ
978 1098 1199 1185 ἐνδεχομένου.

396 1263 447 1327 lta
469 1282 548 1327 vero
572 1260 615 1326 ad
640 1281 713 1326 eam
737 1259 909 1323 notionem
933 1257 1129 1337 delabimur,
1154 1279 1241 1344 quae
1273 1259 1341 1323 lere
1364 1258 1460 1323 idem

289 1371 399 1439 valere
422 1368 554 1434 videtur
577 1374 677 1452 atque
699 1367 735 1433 οδ
762 1367 914 1443 δυνατόν,
940 1364 977 1433 οδ
1003 1363 1228 1450 ἐνδεχόμενον,
1261 1365 1459 1452 saepissime

290 1477 481 1543 adhibitum
494 1475 536 1540 ab
549 1473 666 1540 eodem
680 1472 885 1550 Alexandro;
900 1473 994 1537 cuius
1006 1471 1159 1539 vocabuli
1175 1478 1212 1537 ut
1224 1493 1339 1538 veram
1355 1479 1459 1558 atque

297 1583 469 1672 propriam
500 1582 571 1648 vim
602 1579 811 1665 indagemus,
841 1579 1039 1665 priusquam
1070 1578 1113 1645 ad
1140 1579 1371 1645 Alexandrum
1393 1601 1458 1644 nos

292 1696 471 1768 vertemus,
496 1687 660 1753 conducet
683 1685 894 1750 Aristotelem
918 1685 1019 1764 adire,
1045 1687 1103 1771 qui
1128 1692 1160 1751 et
1172 1707 1271 1772 saepe
1295 1692 1327 1750 et
1349 1687 1459 1772 eopio-

292 1798 421 1864 sissime
445 1795 486 1861 de
510 1816 549 1860 eo
573 1795 648 1879 egit.
682 1793 891 1879 Nequevero
915 1792 957 1857 de
972 1793 1129 1858 omnibus
1147 1793 1457 1878 significationibus

292 1926 379 1992 quae
394 1903 530 1969 subesse
543 1907 684 1987 possunt
695 1900 774 1965 huic
785 1900 866 1978 voci,
883 1899 1060 1986 disputabo
1074 1899 1126 1988 (de
1137 1899 1260 1986 quibus
1273 1901 1313 1965 cl.
1331 1901 1457 1980 Prantl,

297 2013 377 2096 Log.
403 2010 434 2075 d.
459 2009 523 2075 Ab.
548 2009 564 2073 I
590 2010 652 2073 166
676 2007 776 2094 sqq),
801 2006 859 2072 sed
884 2006 925 2072 de
949 2028 987 2072 eo
1011 2012 1068 2076 τοῦ
1091 2010 1303 2094 ἐνδεχομένου
1326 2029 1458 2094 genere,

295 2117 387 2204 quod
410 2117 511 2182 affine
536 2121 585 2180 est
607 2123 653 2206 τῷ
678 2118 816 2202 δυνατῷ.

401 2224 485 2290 Voci
511 2223 601 2288 enirn
625 2229 682 2290 τοῦ
705 2220 914 2307 ἐνδεχομένου
946 2220 1134 2306 complures
1158 2221 1351 2287 Aristoteles
1383 2245 1457 2308 sup·

295 2332 407 2419 posuit
445 2329 704 2416 significationes
735 2327 842 2415 (Anal.
869 2349 918 2413 pr.
955 2327 1070 2414 I3p.
1098 2329 1140 2394 25
1156 2349 1176 2392 a
1194 2329 1247 2407 37,
1285 2330 1325 2394 cf.
1362 2329 1458 2394 Alex-

299 2438 396 2504 andri
419 2459 539 2503 oomm.
565 2459 596 2522 p.
622 2436 675 2514 37,
700 2436 742 2499 28
766 2434 861 2522 sqq).
896 2435 1047 2500 Primum
1071 2436 1162 2500 enim
1185 2435 1222 2503 τδ
1247 2437 1461 2524 ἐνδεχόμενον

297 2544 475 2611 adhibetur
506 2541 592 2611 κοινοὶ
627 2543 682 2612 τοῦ
714 2545 905 2626 α’ναχκοιίου,
931 2543 950 2606 i.
976 2563 1002 2607 e.
1028 2542 1091 2608 hoc
1127 2564 1251 2608 nomeu
1282 2543 1328 2608 eis
1360 2542 1460 2608 rebus

297 2652 405 2730 datur,
441 2672 527 2736 quae
563 2650 761 2736 plerumque
785 2649 990 2714 necessariae
1013 2650 1176 2735 appellari
1199 2650 1315 2715 solent.
1357 2650 1460 2714 Cuius

297 2780 378 2823 usus
418 2756 648 2822 testimonium
693 2755 885 2821 Aristoteles
928 2756 990 2820 hoe
1030 2757 1127 2821 affert
1164 2757 1376 2842 exemplum:
1421 2759 1458 2825 οδ

299 2871 381 2955 ζῷον
404 2867 572 2950 ἐνδέχεται
595 2860 681 2930 κοντοὶ
709 2865 835 2940 παντὸς
864 2861 1055 2952 ἀνθρώπου.
1103 2863 1214 2948 Atque
1239 2864 1275 2928 in
1302 2870 1460 2950 promptu

299 2978 348 3037 est
382 2971 554 3037 notionem
589 2970 743 3035 animalis
778 2970 925 3034 hominis
960 2970 1130 3055 propriam
1165 2991 1235 3036 csse
1259 2992 1369 3056 neque
1392 2972 1460 3036 ullo

297 3078 441 3143 modoa
475 3083 593 3143 natura
631 3078 701 3142 eius
735 3077 865 3162 seiungi
900 3099 1006 3162 posse.
1053 3076 1182 3142 Deinde
1206 3079 1398 3144 Aristotcles
1422 3100 1461 3144 ea

297 3187 497 3272 ἐνδεχόμενα
521 3185 682 3263 nominat,
718 3205 805 3270 quae
829 3207 898 3249 non
921 3187 1099 3268 α’ναγκαῐα,
1135 3185 1194 3251 sed
1228 3185 1459 3251 tantummodo

297 3295 491 3383 ἐπάρχοντα
515 3298 602 3370 sunt,
627 3292 647 3356 i.
673 3313 699 3356 e.
725 3312 811 3376 quae
835 3298 914 3356 sunt
936 3290 1083 3376 quidem,
1108 3313 1218 3378 neque
1241 3299 1353 3357 tamen
1383 3314 1459 3359 cum

298 3399 492 3465 necessitate
516 3399 703 3472 coniuncta,
728 3397 786 3463 sed
810 3419 889 3463 casu
912 3397 1058 3483 quodam
1083 3399 1137 3464 vel
1159 3399 1224 3464 alia
1256 3420 1356 3465 eausa
1389 3422 1459 3486 pro·

298 3513 417 3584 creata,
441 3512 479 3570 ut
501 3504 547 3591 (p.
574 3506 615 3570 25
629 3505 651 3572 b
665 3506 736 3594 25):
762 3507 798 3572 τδ
824 3502 938 3574 λευκόν
961 3504 1006 3596 τῷ
1029 3513 1147 3598 ἱματίῳ
1171 3507 1347 3592 ἐνδέχεται.
1383 3508 1460 3584 Qui·

298 3613 361 3678 bus
388 3613 424 3677 in
461 3613 632 3699 exemplis,
668 3613 824 3697 quamvis
858 3613 986 3678 variam
1021 3613 1112 3678 vocis
1147 3616 1357 3701 ἐνδεχομένου
1391 3615 1460 3681 vim

298 3721 503 3786 illustratura
527 3721 602 3798 sint,
620 3720 715 3785 facile
739 3719 949 3806 cognoscitur
964 3720 1009 3811 τῷ
1031 3722 1231 3812 ἐνδεχομένῳ
1247 3742 1461 3788 communem

299 3850 370 3894 esse
405 3828 575 3892 notionem
610 3827 835 3911 adhaerendi;
870 3849 950 3892 nam
973 3833 1011 3892 ut
1033 3828 1118 3893 vesti
1141 3828 1231 3894 color
1263 3829 1310 3893 ita
1332 3829 1461 3894 homini

300 3935 370 4001 vita
386 3934 544 4000 adhaeret
560 3934 623 4013 vel,
643 3934 734 4019 quod
757 3934 847 3998 idem
872 3933 935 3999 sibi
950 3934 1031 4013 vult,
1048 3935 1183 4021 propria
1199 3936 1269 4000 eius
1292 3942 1351 4001 est.
1398 3936 1461 4022 Op·

302 4042 382 4106 time
399 4047 512 4106 autem
529 4041 620 4106 hunc
636 4062 772 4106 sensum
797 4061 836 4105 ea
859 4041 1048 4126 assequitur
1071 4041 1230 4134 definitio,
1255 4063 1324 4128 qua
1345 4043 1462 4108 Prantl

300 4169 331 4234 p.
361 4148 420 4212 167
457 4146 493 4215 υδ
531 4149 743 4234 ἐνδεχόμενον
777 4149 824 4213 ita
858 4147 1116 4218 circumscribit:
1153 4151 1387 4238 ,ἐνδεχόμενον
1419 4151 1463 4217 ist

408 4395 428 4466 ¹)
445 4397 532 4457 Arist.
552 4397 621 4456 Met.
641 4403 712 4454 Ala
730 4414 757 4466 p.
774 4402 841 4452 1019
855 4398 871 4452 b
887 4403 936 4471 303
955 4399 988 4453 ef.
1008 4398 1088 4455 Alex.
1107 4400 1141 4452 ad
1156 4398 1224 4453 Met.
1237 4415 1263 4469 p.
1275 4402 1335 4470 390,
1349 4403 1381 4452 36
1396 4415 1464 4470 sqq,

300 4487 335 4542 ed
353 4486 436 4548 Anal.
454 4503 493 4554 pr.
512 4505 538 4556 p.
559 4492 618 4558 183,
627 4493 670 4548 29,
