3274 5434
554 409 848 479 .—45-

143 600 365 668 defensiones
398 603 575 668 continuae
607 603 799 669 refutationi
823 605 963 670 insertas
997 605 1199 671 invenimus.
1246 605 1321 669 Hoc

144 708 228 774 loco
250 709 353 794 igitur
376 710 486 788 Stoici,
511 732 553 776 ne
577 731 638 775 sua
662 727 838 776 causarum
857 711 1004 776 definitio
1020 712 1236 797 improbetur,
1253 711 1320 776 duo

144 837 278 899 genera
301 837 476 881 causarum
503 818 706 896 discernunt,
743 840 780 884 eo
805 819 929 884 scilicet
952 819 1099 897 consilio,
1125 825 1162 883 ut
1190 825 1321 885 servata

144 923 305 1008 ipsorum
337 923 494 1030 opinione
517 925 617 989 simul
632 925 830 991 adversariis
847 925 1059 990 satisfaciant.
1100 925 1322 1010 Distinguunt

145 1030 257 1115 igitur
280 1051 426 1109 causam,
447 1031 538 1109 „sine
567 1052 635 1116 qua
663 1031 791 1116 aliquid
808 1031 894 1096 effici
909 1053 978 1096 non
996 1032 1120 1117 possit‘
1138 1038 1170 1096 et
1194 1053 1320 1112 „curn

148 1157 225 1221 qua
240 1137 367 1222 aliquid
393 1139 487 1202 effici
503 1159 637 1203 necesse
661 1139 735 1203 sitf‘

263 1244 328 1309 Sed
352 1245 562 1310 monendum
593 1251 643 1310 θεῖ
667 1245 844 1310 lectionem
878 1266 1004 1324 „cum
1038 1252 1153 1330 qu0“
1187 1266 1256 1310 non
1280 1267 1321 1311 ex

147 1352 248 1416 omni
288 1351 496 1417 dubitatione
540 1358 731 1438 exemptam
769 1373 848 1417 esse.
916 1352 1043 1438 Optimi
1075 1352 1212 1436 quidem
1245 1352 1321 1418 libri

150 1459 379 1544 manuscripti
403 1458 494 1524 ABV
518 1459 680 1545 praebent
704 1480 829 1538 „cum
853 1465 989 1543 qu0“,
1014 1481 1099 1544 quos
1122 1459 1321 1526 recentiores

152 1565 300 1631 editores
324 1573 522 1651 sequuntur,
553 1573 654 1651 atque
678 1588 767 1630 unus
791 1565 896 1631 codex
928 1566 1144 1651 Erlangensis
1180 1565 1322 1631 deterior

148 1673 278 1738 omittit
300 1673 590 1759 praepositionem.
621 1673 706 1738 Eam
730 1678 844 1738 autem
866 1673 1040 1751 rationem,
1066 1695 1132 1758 qua
1156 1673 1320 1739 Christius

149 1781 437 1867 praepositionem
469 1780 633 1845 defendit:
667 1779 882 1845 scribendum
915 1801 986 1845 esse
1020 1801 1149 1858 „cum
1183 1787 1318 1866 qu0“,

148 1888 234 1974 quia
256 1887 368 1972 paullo
391 1888 480 1952 infra
503 1886 639 1953 eaedem
662 1908 782 1952 causae
805 1886 1026 1965 accedentes,
1051 1908 1120 1951 non
1153 1893 1320 1952 antece·

150 1995 271 2060 dentes
296 1994 451 2059 dicantur
469 2033 512 2040 -
529 1992 669 2078 probare
693 2015 840 2079 nequeo;
865 2015 944 2058 nam
970 1994 1121 2078 quaestio
1146 2000 1204 2072 est,
1229 1993 1321 2078 quod

150 2101 243 2165 infra
259 2100 530 2187 disceptabimus,
555 2122 637 2165 num
663 2123 698 2165 re
714 2122 793 2166 vera
809 2101 978 2166 Ciceronis
995 2122 1096 2166 causa
1111 2099 1209 2188 (quae
1232 2121 1320 2186 acce·

151 2207 238 2272 dens
261 2207 466 2296 nominatur)
497 2213 530 2273 et
553 2207 740 2272 Stoicorum
765 2229 867 2273 causa
898 2208 1000 2272 altera
1036 2228 1105 2271 una
1135 2207 1320 2293 eademque

151 2314 229 2379 sint.
278 2313 384 2392 Adde,
420 2314 510 2400 quod
544 2315 631 2397 §34
654 2314 762 2380 forma
795 2315 905 2381 activa
938 2335 1045 2399 „quae
1077 2313 1111 2377 id
1135 2315 1256 2379 elficit“
1282 2320 1315 2380 et

151 2422 234 2507 Top.
252 2422 315 2486 XV
342 2421 424 2508 §58
450 2421 608 2488 elocutio:
635 2443 833 2500 „causarum
850 2443 958 2485 unum
975 2441 1082 2506 genus
1105 2421 1149 2487 vi
1173 2442 1251 2486 sue
1274 2420 1319 2498 id,

153 2528 246 2614 quod
270 2528 333 2594 sub
358 2550 433 2594 eam
459 2529 528 2595 vim
551 2528 738 2594 subiectum
763 2535 821 2607 cst,
855 2535 942 2593 certe
967 2528 1088 2594 efficit‘
1114 2549 1250 2592 monere
1275 2528 1320 2594 vi-

152 2636 277 2701 dentur
289 2635 464 2701 delendam
482 2657 553 2700 esse
570 2636 860 2721 praepositionem.
886 2636 983 2700 Certa
998 2635 1101 2720 igitur
1116 2635 1321 2720 optimorum

153 2743 308 2808 codicum
320 2742 418 2808 lectio
431 2743 570 2807 minime
584 2749 641 2821 est,
660 2742 854 2829 praesertim
867 2764 945 2807 cum
962 2740 1069 2808 scriba
1086 2741 1181 2806 facile
1197 2741 1321 2807 adduci

154 2856 276 2936 posset,
301 2857 339 2915 ut
363 2851 523 2915 locutioni
548 2850 676 2927 „sine
700 2857 788 2935 qu0“
813 2855 997 2935 opponeret
1022 2870 1148 2928 „cum
1173 2856 1273 2934 qu0“.

262 2975 327 3041 Sed
337 2997 407 3040 non
417 2976 561 3070 multum
575 2975 722 3055 interest,
736 2982 851 3039 utrum
863 2974 1144 3060 praepositionem
1156 2973 1320 3038 addamus

154 3104 198 3146 an
222 3083 391 3151 eiciamus.
440 3083 527 3148 Nam
552 3083 635 3147 mihi
669 3082 808 3168 quidem
835 3087 965 3146 constat
994 3081 1057 3145 hac
1089 3080 1193 3145 altera
1220 3102 1321 3145 causa

158 3191 279 3280 „(cmn)
314 3212 382 3277 qna
405 3189 532 3276 aliquid
557 3211 690 3254 necesse
715 3189 788 3268 sit‘,
820 3187 1081 3274 quoquomodo
1117 3209 1190 3252 eam
1223 3187 1320 3272 signi-

156 3301 338 3378 ficaverint,
358 3299 485 3363 Stoicos
510 3296 666 3362 accedere
682 3296 827 3363 voluisse
840 3295 883 3360 ad
893 3316 1030 3360 causam
1047 3294 1319 3359 Ciceronianam:

155 3408 177 3495 ξ
196 3408 239 3473 34
256 3412 432 3484 causaest,
451 3425 558 3490 „quae
581 3403 616 3467 id
633 3404 742 3481 elficit,
760 3404 856 3468 ouius
869 3409 918 3467 est
929 3409 1062 3480 causa“,
1078 3402 1132 3468 vel
1150 3402 1205 3480 „id
1221 3423 1322 3467 causa

157 3521 215 3593 cst,
248 3513 338 3599 quod
373 3514 494 3597 cuique
526 3510 707 3576 efficienter
729 3509 943 3588 antecedat“;
977 3510 1081 3594 §36:
1108 3509 1322 3595 „quodcum

154 3622 293 3688 accessit
316 3620 360 3699 id,
386 3620 480 3685 ouius
504 3640 606 3684 causa
629 3625 687 3696 est,
713 3618 814 3682 efficit
836 3617 1053 3682 necessario.“
1071 3656 1114 3662 —
1131 3617 1206 3681 Hoc
1230 3617 1321 3680 enirn

156 3729 235 3795 inde
268 3728 429 3813 sequitur,
460 3726 551 3812 quod
584 3725 737 3810 exempla
765 3724 911 3799 Medeae,
950 3723 1119 3801 Hecubae,
1152 3723 1321 3809 Tyndarei

157 3837 278 3902 docent
310 3837 449 3901 alteram
479 3833 666 3898 Stoicorum
695 3853 841 3911 oausam,
882 3853 984 3916 quarn
1015 3831 1103 3916 §34
1126 3829 1240 3896 Cicero
1263 3831 1321 3894 im-

158 3943 287 4032 probat,
312 3965 387 4008 eam
416 3943 528 4021 fuisse,
563 3941 694 4020 „sine
725 3961 794 4025 qua
825 3937 952 4023 aliquid
982 3937 1068 4003 effici
1092 3959 1160 4001 non
1184 3939 1320 4022 possit‘,

157 4054 296 4119 alteram
326 4051 438 4135 igitur,
472 4047 621 4135 „(cum)
645 4055 760 4134 qua“
795 4046 944 4111 additam
968 4067 1050 4122 esse,
1080 4051 1118 4108 ut
1141 4044 1322 4109 Carneadis

155 4166 271 4226 contra
293 4159 386 4223 illam
410 4157 554 4222 rationes
577 4156 689 4220 irritae
713 4154 938 4220 redderentur.

264 4266 338 4330 Hoc
358 4265 447 4329 enirn
472 4271 600 4330 certum
624 4269 673 4328 est
689 4260 865 4327 Hecubam
889 4283 957 4325 non
982 4281 1056 4324 eam
1080 4281 1215 4324 causam
1239 4280 1320 4339 esse,

155 4397 232 4442 cunr
265 4394 332 4458 qua
355 4373 408 4438 vel
432 4393 500 4456 qua
533 4391 722 4436 necesse
756 4374 826 4434 erat
855 4367 991 4432 Troiam
1022 4367 1133 4433 everti.
1182 4367 1321 4432 Minime

156 4483 256 4560 enirn,
286 4480 344 4544 ubi
380 4478 521 4544 Hecuba
560 4485 639 4542 nata
670 4482 729 4555 est,
762 4475 874 4540 statim
908 4474 948 4540 de
973 4474 1073 4539 Troia
1104 4479 1216 4538 actum
1241 4480 1320 4539 erat.

156 4589 271 4656 Restat
294 4588 396 4674 igitur
424 4607 534 4664 causa,
570 4585 668 4649 sine
702 4605 789 4668 qua
820 4605 907 4648 nou
940 4581 1019 4648 urbs
1053 4581 1153 4645 deleri
1179 4586 1319 4667 poterat.
