3274 5434
729 1255 786 1321 IV.

290 1365 342 1431 lto
365 1363 516 1430 dirersis
540 1365 731 1444 generibus
755 1383 941 1431 causarum
965 1365 1058 1449 apud
1082 1362 1230 1432 Stoicos.

288 1504 370 1569 Inde
394 1527 414 1570 a
437 1505 458 1591 ξ]
482 1505 525 1570 34
556 1505 669 1570 Cicero
703 1505 889 1571 Stoicorum
914 1506 1087 1571 decausis
1111 1527 1223 1571 rerum
1247 1505 1340 1569 ratio-

174 1635 238 1678 nes
261 1613 437 1698 vituperat.
485 1612 561 1698 Ipse
585 1613 676 1677 enim
699 1634 777 1679 cum
801 1635 937 1678 causam
961 1635 1031 1678 esse
1050 1618 1173 1678 statuat
1187 1611 1232 1690 id,
1250 1611 1342 1697 quod

175 1720 299 1805 cuique
323 1720 370 1785 rei
394 1719 675 1785 efficienter
697 1720 871 1800 antecedit,
895 1721 969 1786 illos
993 1741 1130 1785 causam
1163 1740 1233 1784 esse
1257 1718 1340 1784 velle

174 1827 222 1899 id.
247 1826 338 1912 quod
361 1827 483 1912 cuique
506 1827 553 1891 rei
586 1827 760 1893 antecedat
783 1827 901 1913 („nam
925 1828 953 1893 si
983 1826 1175 1892 conceditur
1200 1862 1240 1872 -—
1265 1824 1341 1889 dici·

175 1933 275 2019 tur“).
319 1932 395 2018 Ipse
418 1934 521 2018 igitur
543 1955 620 1999 cum
645 1955 745 1999 causa
761 1935 893 2020 cognita
909 1935 1107 2020 acquiescat,
1126 1933 1252 1998 Stoicos
1268 1932 1341 2016 cogi

175 2041 258 2107 dicit
285 2062 462 2106 causarum
490 2061 607 2106 causas
635 2041 836 2127 investigare
863 2048 963 2127 atque
979 2042 1027 2106 ita
1042 2041 1086 2106 ad
1102 2039 1341 2106 absurdissima

175 2147 277 2214 abire.

285 2255 396 2331 Quare
419 2256 665 2340 neglegentiam
689 2277 814 2334 eorum,
839 2257 898 2342 qui
921 2256 1008 2321 inter
1030 2255 1194 2341 genuinas
1223 2273 1341 2318 causas

175 2363 321 2428 inserere
335 2362 443 2427 solent
454 2363 563 2441 falsas,
577 2363 597 2427 i.
617 2384 642 2427 e.
657 2383 705 2441 ea,
719 2384 805 2447 quae
821 2368 1069 2450 praecesserant
1089 2361 1227 2446 quidem
1243 2360 1341 2424 alicui

178 2471 277 2548 iacto,
302 2468 361 2535 sed
383 2491 453 2534 non
476 2490 578 2535 causa
601 2470 743 2548 fuerant,
779 2491 838 2535 our
862 2470 1017 2547 eveniret,
1043 2468 1203 2553 exemplis
1227 2467 1341 2532 Cicero

178 2577 373 2662 perstringit
396 2576 506 2643 variis.
553 2576 604 2642 Ita
637 2576 745 2642 dicere
778 2599 834 2643 cos
869 2577 1040 2643 contendit
1062 2575 1174 2662 „quod
1197 2577 1233 2640 in
1256 2596 1340 2640 oam-

178 2704 262 2768 pum
292 2682 530 2762 descenderim,
563 2683 599 2748 id
621 2684 723 2749 luisse
756 2706 875 2750 causae
898 2706 958 2750 cur
980 2685 1048 2771 pila
1081 2683 1262 2761 luderem,“
1287 2682 1340 2747 do-

178 2796 297 2875 cetque
312 2811 439 2854 nexum
456 2790 593 2876 quidem
609 2791 812 2857 intercedere
834 2793 923 2857 inter
945 2790 1217 2857 descendendum
1240 2795 1272 2854 et
1294 2789 1340 2853 lu-

179 2895 339 2974 dendum,
364 2917 551 2961 causam
575 2919 654 2963 vero
678 2897 816 2962 ludendi
840 2898 942 2962 luisse
966 2919 1035 2962 non
1052 2896 1143 2983 quod
1167 2895 1340 2961 descende-

178 3003 254 3081 rim,
291 3003 349 3068 sed
373 3002 464 3088 quod
487 3004 592 3089 pilam
619 3004 907 3090 apprehenderim.
955 3005 1073 3089 Neque
1102 3004 1197 3068 aliter
1230 3024 1282 3067 res
1305 3023 1340 3068 se

178 3109 280 3175 habet
301 3110 337 3174 in
361 3110 508 3175 secundo
531 3116 563 3175 et
586 3111 682 3176 tertio
698 3113 859 3197 exemplo.
908 3110 1049 3176 Hecuba
1064 3111 1180 3196 genuit
1203 3108 1340 3195 quidem

178 3216 419 3296 Alexandrum,
461 3239 562 3302 quem
601 3218 648 3283 illi
693 3240 829 3284 causam
876 3219 1029 3284 interitus
1068 3218 1186 3282 Troiae
1231 3215 1340 3301 appel·

178 3324 247 3388 lare
271 3324 387 3401 solent,
412 3345 521 3409 neque
545 3330 658 3389 tamen
675 3326 842 3391 Ciceronis
868 3326 1034 3411 opinione,
1060 3325 1140 3410 quia
1163 3322 1341 3408 praecessit

179 3431 297 3495 Troiae
312 3431 449 3509 exitum,
461 3451 561 3496 causa
581 3439 651 3496 erat
671 3431 763 3497 urbis
776 3433 911 3510 deletae,
931 3454 1000 3497 non
1013 3431 1120 3516 magis
1134 3451 1236 3516 quam
1253 3429 1340 3514 Tyn-

182 3537 313 3616 dareus
338 3537 609 3624 Clytemnestrae,
632 3560 719 3624 quae
743 3541 1033 3624 Agamemnonem
1049 3537 1214 3603 interfecit
1236 3542 1339 3622 pater,

177 3645 378 3710 eausaneois
392 3651 469 3710 erat.
484 3644 659 3711 Uberrima
672 3652 783 3711 autem
801 3646 950 3733 disputat
957 3647 1071 3711 Cicero
1089 3645 1129 3710 de
1143 3643 1259 3730 primis
1272 3663 1340 3708 ver-

180 3751 272 3816 sibus
299 3751 435 3817 Medeae
463 3753 648 3832 Ennianae,
678 3753 736 3818 ubi
772 3754 956 3819 secundum
996 3752 1192 3838 Euripidem
1226 3749 1340 3814 nutrix

180 3859 262 3925 haec
286 3864 394 3946 optat:

392 3966 552 4046 „Utinam
575 3989 618 4032 ne
641 3968 677 4032 in
700 3989 836 4034 nemore
858 3969 949 4034 Pelio
974 3967 1144 4034 securibus

390 4073 494 4138 Caesa
517 4074 690 4140 accidisset
712 4074 855 4160 abiegna
878 4074 921 4140 ad
944 4081 1066 4140 terram
1090 4073 1240 4139 trabesl“

286 4180 378 4256 Quos
401 4201 517 4247 versus
541 4180 642 4248 Stoici
666 4182 850 4247 secundum
873 4183 1068 4248 Ciceronem
1102 4182 1149 4246 ita
1183 4181 1339 4265 interpre-

178 4293 301 4365 tantur,
326 4288 422 4372 quasi
454 4287 601 4373 primum
625 4288 725 4373 pinus
759 4310 865 4367 caesa,
900 4289 1020 4355 deinde
1055 4288 1227 4353 aedificata
1250 4287 1340 4370 Argo

180 4413 299 4462 causae
322 4395 446 4460 tuerint
480 4395 602 4460 amoris
637 4396 782 4461 Medeae.
829 4396 953 4461 Contra
987 4396 1101 4461 Cicero
1136 4395 1340 4460 demonstrat

180 4503 244 4568 hoe
266 4500 366 4567 modo
389 4501 425 4566 in
459 4501 628 4567 infinitum
653 4503 770 4576 Stoicis
793 4503 891 4568 licere
925 4503 1063 4588 regredi.
1110 4501 1179 4586 Ipsi
1203 4500 1340 4586 quidem
