3274 5434
785 381 1001 447 ..52-.

311 585 508 652 aeternitate
542 582 699 669 pendent,
729 583 883 646 accurate
915 574 1025 642 causis
1058 589 1356 664 προκαταρκτικοῑς,
1389 572 1488 652 „sine

312 693 438 781 quibus
452 689 579 776 aliquid
596 710 664 754 non
681 687 855 763 efficitur,“
881 682 1095 770 respondent,
1120 702 1206 766 quae
1229 681 1321 767 ipsae
1345 703 1490 766 qnoque

312 802 360 866 rei
376 798 588 876 antecedunt,
612 817 722 881 neque
738 800 852 860 tamen
876 790 1072 866 allicientem
1098 788 1138 852 ci.
1164 810 1267 873 quem
1291 809 1331 852 ox
1348 789 1491 874 Topicis

313 931 346 995 p.
371 908 414 973 50
438 905 616 971 citavimus
640 903 760 967 locum.

419 1014 538 1097 Itaque
562 1010 651 1076 idem
679 1008 884 1092 significant:

314 1108 433 1187 Prim
444 1141 532 1185 um:
550 1125 657 1186 αἰτίαι
675 1124 862 1188 συνεκτικοί,
874 1133 994 1177 causae
1020 1111 1230 1196 principales,
1248 1132 1367 1176 causae
1382 1110 1491 1198 (cum)

549 1224 673 1312 quibus
697 1220 825 1306 aliquid
849 1241 926 1286 cum
951 1218 1145 1283 necessitate
1170 1218 1319 1284 elficitur.

423 1332 488 1420 (Τᾶ
515 1346 665 1401 συναίτια
690 1336 723 1395 et
750 1324 888 1418 συνεργοὶ
914 1330 1007 1394 αἴτια
1031 1325 1112 1390 item
1137 1345 1256 1390 causae
1283 1326 1494 1412 principales

315 1432 1495 1526 sunt,sedquarum,utellicientessint,compluresconveniredebent.)

316 1548 510 1616 Deinde:
536 1555 628 1615 αἴτια
646 1542 921 1635 προκαταρκτικά,
940 1561 1059 1606 causae
1076 1539 1258 1625 proximae.
1278 1561 1397 1606 causae
1414 1543 1494 1608 sine

552 1653 676 1739 quibus
692 1650 821 1736 aliquid
843 1671 911 1714 non
936 1648 1106 1714 efficiatur.

423 1763 451 1828 E
475 1783 542 1847 quo
566 1781 687 1845 genere
711 1763 791 1824 sunt
813 1757 913 1821 etiam
939 1762 1042 1830 αἴτια,
1068 1745 1114 1823 ὧν
1137 1758 1193 1824 οὐκ
1217 1751 1306 1824 ἄνευ.

426 1870 592 1943 Ceterum,
617 1888 677 1930 cur
692 1885 812 1930 causae
830 1862 1028 1927 adiuvantes
1053 1851 1152 1927 etiam
1169 1862 1341 1946 proximae
1365 1870 1397 1928 et
1413 1886 1495 1930 con-

319 1979 465 2044 tinentes
491 1976 522 2062 (ξ
534 1975 578 2038 44
601 1974 696 2057 init),
722 1973 742 2036 i.
768 1992 795 2035 e.
823 1969 897 2048 „die
921 1970 1093 2047 ntchsten,
1117 1970 1408 2053 angrenzendem,
1433 1994 1494 2058 ap-

318 2086 492 2172 pellentur,
517 2081 602 2147 mihi
617 2102 685 2145 non
703 2079 801 2164 plane
819 2078 932 2162 liquet.
967 2076 1084 2162 Neque
1109 2076 1198 2140 enim
1223 2077 1269 2142 rei
1293 2078 1357 2164 ipsi
1381 2082 1495 2165 proxi-

319 2215 393 2257 mae
418 2197 450 2256 et
473 2189 681 2255 continentes
705 2193 793 2263 sunt,
825 2184 883 2250 sed
916 2183 1079 2249 contrarie
1104 2183 1236 2268 longius
1260 2183 1384 2250 absunt
1412 2209 1496 2252 are

319 2321 423 2386 quam
446 2317 565 2363 causae
589 2293 801 2381 principales
819 2313 895 2356 cum
912 2311 1090 2375 nunquam
1105 2290 1198 2375 ipsae
1215 2291 1395 2358 efficientes
1413 2293 1494 2369 sint,

319 2405 377 2471 sed
394 2403 613 2491 principalem
631 2421 767 2466 causam
784 2399 964 2482 requirant.
999 2397 1152 2462 Fortasse
1168 2419 1292 2462 nomen
1308 2399 1387 2464 inde
1400 2423 1497 2468 exor.

321 2520 396 2578 tum
421 2518 479 2590 est,
505 2509 596 2596 quod
620 2508 782 2593 dignitate
806 2505 1048 2591 principalibus
1072 2505 1181 2570 causis
1205 2507 1378 2591 proximae
1402 2516 1495 2574 sunt.

429 2616 606 2694 Quomodo
637 2621 750 2680 autem
781 2613 989 2699 Chrysippus
1022 2611 1199 2698 partitione
1231 2634 1409 2680 causarum
1437 2639 1497 2682 ne-

324 2726 513 2793 cessitatem
537 2723 685 2808 effugiat,
720 2722 806 2805 §42
832 2720 1019 2806 exponitur.
1067 2720 1141 2784 Hac
1166 2720 1255 2785 enim
1279 2723 1496 2808 paragrapho

324 2834 455 2898 Stoicus
479 2829 678 2896 adversariis
701 2828 876 2895 oblocutus
900 2827 1133 2892 tantummodo
1157 2826 1192 2890 in
1216 2849 1282 2906 eos,
1316 2829 1374 2912 qui
1405 2830 1496 2895 solas

324 2961 443 3006 causas
467 2937 668 3023 principales
700 2936 896 3022 approbent,
929 2935 1075 3000 affirmat
1104 2934 1214 2999 valere
1238 2934 1330 2999 illam
1361 2936 1495 3001 conclu-

323 3049 461 3125 sionem,
488 3045 554 3110 scil.
580 3045 688 3109 iatum
714 3043 798 3107 nihil
829 3043 864 3106 in
889 3047 1002 3107 nostra
1025 3047 1187 3127 potestate
1211 3041 1408 3127 relinquere,
1434 3045 1493 3110 sed

325 3154 556 3220 necessitatem
574 3153 677 3229 lerre;
698 3150 761 3215 sibi
779 3150 870 3214 enim
881 3151 989 3214 latum
1005 3171 1074 3214 non
1091 3171 1108 3214 e
1125 3149 1234 3215 causis
1250 3149 1495 3235 principalibus

325 3269 357 3327 et
380 3260 612 3326 necessitatem
636 3256 879 3334 cohibentibus,
904 3256 962 3322 sed
987 3277 1004 3321 e
1027 3256 1136 3321 causis
1155 3256 1316 3340 proximis
1340 3265 1494 3323 constare

323 3368 438 3436 videri.
471 3367 520 3432 Ol.
546 3364 713 3430 Plutarch.
740 3364 780 3428 de
804 3385 872 3448 rep.
891 3363 988 3428 Stoic.
1015 3384 1041 3428 e.
1061 3363 1113 3440 47,
1138 3386 1169 3449 p.
1192 3365 1275 3429 1056
1289 3364 1330 3427 B:
1346 3416 1351 3428 .
1370 3415 1375 3428 .
1391 3417 1396 3428 .
1410 3368 1495 3455 Χρύ·

324 3497 444 3552 uranos
468 3477 524 3541 oria
548 3472 707 3558 αὐτοτελῆ
722 3472 846 3539 τούτων
862 3479 975 3539 αἰτίαν
991 3471 1076 3538 a‘lltt
1094 3473 1375 3562 προκαταρκτικήν
1390 3473 1495 3558 μόναν

323 3583 466 3649 ἐποιεῖτο
490 3582 548 3667 τήν
571 3586 777 3668 εἱμαρμένην.

437 3687 595 3752 Actiones
620 3685 710 3750 enim
734 3693 877 3764 nostrae,
905 3687 1011 3771 pergit
1035 3685 1155 3750 deinde
1179 3685 1398 3772 Chrysippus,
1415 3709 1494 3772 pen·

325 3796 406 3860 dent
423 3817 463 3860 ex
488 3792 747 3871 assensionibus,
772 3793 835 3858 hae
859 3800 981 3872 autem,
1008 3793 1093 3872 „nisi
1117 3800 1303 3859 commotae
1326 3794 1398 3860 viso
1421 3795 1494 3860 fieri

324 3924 393 3968 non
417 3907 589 3989 possunt“.
625 3900 745 3965 Visum
770 3907 883 3964 autem
908 3901 1110 3966 assensionis
1127 3908 1257 3966 nonest
1281 3922 1381 3967 causa
1405 3903 1493 3987 prin·

325 4010 451 4096 cipalis,
480 4007 538 4074 sed
561 4007 751 4095 proxima,¹)
775 4008 864 4092 quia,
890 4016 927 4072 ut
955 4008 1103 4073 assensio
1127 4008 1326 4090 perficiatur,
1357 4009 1495 4074 accedat

325 4122 464 4204 oportet,
489 4121 527 4180 ut
550 4137 611 4179 nos
634 4115 706 4180 viso
730 4116 961 4181 assentiamur.
1010 4114 1107 4192 Quod
1133 4115 1317 4180 illustratur
1340 4117 1493 4202 exemplo

436 4418 455 4486 ¹)
474 4419 515 4474 cf.
536 4419 552 4486 ἓ
572 4424 619 4472 44;
640 4417 805 4488 „proximam
817 4434 923 4471 causam
939 4433 996 4471 esse
1017 4417 1046 4471 in
1059 4416 1150 4478 viso;“
1170 4417 1262 4484 itaque
1281 4418 1298 4485 g
1317 4423 1366 4470 42:
1386 4417 1493 4486 ,‚visn1n

327 4509 476 4580 proximam
496 4523 603 4563 causam
613 4507 728 4562 habeat“
745 4507 883 4575 significat
894 4528 899 4560 :
910 4507 996 4562 visum
1009 4524 1047 4576 pr.
1064 4523 1169 4563 causam
1184 4507 1211 4560 in
1223 4523 1250 4559 se
1270 4506 1433 4576 conhnent‘,
1453 4510 1496 4562 vel

326 4600 432 4671 „risum
453 4597 502 4653 sit
521 4595 641 4665 proxima
661 4597 767 4652 ceusa“.
