3274 5434
782 427 1001 492 ..34-

310 625 410 691 Stoici
424 626 563 711 probare
577 623 712 690 student
728 623 994 690 enuntiationem
1007 623 1188 708 quandam,
1203 644 1289 707 quae
1305 620 1475 686 contineat

313 755 383 798 rom
406 739 493 797 certe
518 733 666 796 loturam
690 752 728 796 ac
751 732 820 796 lato
844 730 1054 807 destinatam,
1083 737 1198 794 tamen
1221 729 1394 794 notionem
1417 733 1476 794 τοῦ

311 826 454 891 δυνατοῦ
484 821 668 886 admittere.
717 821 816 897 Quod
851 820 898 884 ita
929 821 997 885 lere
1027 818 1216 904 explicant:
1252 817 1476 882 Enuntiatum

310 928 490 1014 quoddam,
516 949 582 1014 quo
606 929 733 993 lactum
759 927 948 992 continetur
971 925 1030 990 lati
1054 925 1249 992 necessitate
1268 931 1355 989 certe
1380 943 1476 988 even·

314 1041 440 1112 turum,
465 1041 519 1100 ut:
546 1035 647 1113 „Cras
670 1056 786 1120 pugna
802 1035 863 1099 erit
886 1034 1049 1112 navalis‘,
1074 1033 1299 1098 necessarium
1323 1053 1392 1096 non
1408 1035 1474 1107 est;

313 1143 375 1207 hoo
400 1143 536 1206 nomine
560 1142 650 1206 enim
674 1141 710 1207 id
733 1142 971 1227 significamus,
997 1139 1088 1226 quod
1112 1161 1244 1226 semper
1266 1161 1387 1206 verum
1410 1144 1473 1216 est3

311 1248 395 1314 illud
430 1255 540 1313 autem
577 1248 703 1313 dictum
735 1255 808 1313 tum
841 1248 963 1313 desinit
990 1269 1108 1314 verum
1131 1268 1212 1326 esse,
1237 1247 1338 1312 simul
1362 1267 1478 1332 pugna

311 1357 441 1422 navalis
458 1356 585 1434 evenit;
611 1377 721 1440 neque
738 1357 828 1421 euim
844 1363 917 1421 tum
941 1354 1050 1420 dicere
1063 1355 1153 1421 licet:
1181 1354 1300 1433 „erit
1328 1360 1474 1439 pugna‘.

314 1463 431 1548 ltaque
463 1483 539 1526 cum
577 1463 789 1526 enuntiatum
820 1463 1045 1528 necessarium
1068 1483 1137 1526 non
1161 1461 1212 1539 sit,
1246 1460 1290 1538 id,
1323 1460 1414 1546 quod
1437 1482 1477 1525 eo

310 1569 507 1648 continetur,
516 1569 620 1633 nihilo
632 1569 740 1655 magis
749 1565 1089 1655 itaappellari'potest,
1101 1568 1478 1634 sediniereanumeran-

311 1674 393 1739 dum
403 1681 461 1754 est,
474 1696 560 1760 quae
573 1675 642 1741 lieri
653 1682 802 1761 possunt.
835 1674 934 1742 Unde
951 1675 1111 1761 sequitur,
1127 1682 1165 1740 ut
1188 1675 1318 1741 etiamsi
1334 1681 1419 1740 carte
1437 1695 1478 1739 ac

310 1783 380 1846 lato
394 1781 610 1868 pugnabitur,
625 1788 738 1846 tauron
750 1781 786 1850 ro*
802 1785 946 1851 δυνατόν
962 1782 1113 1847 doctrina
1125 1788 1239 1847 nostra
1252 1804 1321 1846 non
1334 1782 1476 1846 tollatur.

418 1907 591 1971 Hactenus
616 1907 727 1972 Stoici.
760 1907 824 1972 Sed
849 1908 996 1992 primum
1020 1928 1140 1972 moneo
1163 1907 1264 1972 huius
1288 1906 1478 1992 argumenti

311 2012 469 2077 ultimum
494 2014 707 2078 enuntiatum
730 2013 772 2077 ab
788 2012 979 2078 Alexandro
1004 2035 1072 2079 non
1095 2012 1202 2078 videri
1225 2020 1313 2080 recte
1337 2033 1478 2079 comme·

310 2126 477 2184 moratum
515 2141 594 2184 esse.
642 2120 801 2205 Legimus
832 2120 922 2184 enirn
954 2119 997 2205 (p.
1027 2119 1172 2200 177,10):
1207 2126 1238 2186 εἰ
1258 2122 1295 2187 δὲ
1317 2121 1359 2206 μή
1385 2128 1478 2189 τοῦτο

316 2221 508 2311 αναγκαῖον,
535 2229 608 2294 οὐδὲ
631 2227 667 2293 τὸ
692 2229 748 2296 ὑπ’
767 2227 870 2294 αὐτοῦ
886 2228 1126 2314 σημαινόμενον
1149 2224 1186 2293 τό
1211 2227 1257 2306 ἒξ
1281 2226 1478 2314 ἀνάγκης

311 2335 449 2400 insudat
476 2347 673 2419 ναυμαχίαν.
706 2333 806 2398 Ponit
827 2333 929 2418 igitur
945 2333 1169 2398 differentiam
1192 2333 1279 2398 inter
1297 2337 1477 2418 ἀναγκαῖον

311 2446 343 2504 et
368 2443 404 2518 ἐξ
428 2439 572 2527 α’νοὶγκης
602 2436 650 2507 ὅν.
699 2439 764 2504 Sed
788 2439 890 2505 verba
920 2442 955 2516 ἐξ
979 2443 1124 2528 α’νάγκης
1155 2462 1175 2504 a
1198 2440 1316 2505 Stoicis
1340 2441 1478 2504 omnino

312 2568 380 2610 non
404 2555 545 2631 possunt
576 2546 690 2611 addita
719 2567 799 2624 esse,
832 2546 958 2632 quippe
989 2547 1058 2632 qui,
1091 2547 1182 2633 quod
1212 2548 1280 2611 lato
1309 2546 1376 2626 fiat,
1408 2567 1476 2611 non

312 2653 382 2718 fien'
395 2653 581 2718 necessario
598 2653 857 2718 demonstraturi
874 2653 949 2717 sint.
982 2653 1151 2718 Nimirum
1164 2653 1355 2720 Alexandro
1369 2675 1476 2718 assen-

312 2761 433 2824 tiemur
462 2759 544 2824 haec
569 2781 586 2824 e
611 2759 720 2825 Stoica
744 2759 894 2825 doctrina
925 2760 1094 2846 consequi,
1120 2760 1220 2825 Stoici
1253 2761 1317 2846 ipsi
1352 2767 1475 2838 autem,

312 2888 389 2931 cum
405 2865 492 2931 hanc
509 2867 757 2932 conclusionem
773 2866 971 2952 improbent,
989 2889 1058 2932 non
1075 2867 1216 2952 putandi
1233 2875 1312 2932 sunt
1326 2867 1476 2954 ipsorum

312 2974 638 3058 argumentationem
662 2974 864 3039 obscurasse.

421 3099 702 3164 Demonstrarunt
724 3099 826 3184 igitur
839 3099 940 3164 Stoici
964 3099 1016 3166 vel
1041 3099 1104 3163 sibi
1127 3099 1372 3165 demonstrasse
1388 3098 1477 3165 vide-

312 3205 435 3271 bantur
459 3204 586 3269 dictum
610 3205 708 3270 illud:
734 3206 848 3293 αὔριον
872 3205 961 3273 ἔσται
979 3219 1158 3292 ναυμαχία,
1183 3227 1392 3290 quamquam
1408 3207 1477 3271 tato

312 3311 516 3376 immutabili
533 3312 688 3391 eveniret,
702 3318 815 3376 tamen
832 3311 1057 3377 necessarium
1078 3312 1238 3397 appellari
1262 3334 1330 3377 non
1347 3311 1475 3381 debere.

313 3421 407 3496 Quae
422 3419 505 3485 ratio
519 3420 650 3497 iterum,
664 3426 702 3483 ut
714 3419 797 3483 mihi
810 3419 951 3498 videtur,
965 3419 1263 3505 argumentationis
1280 3421 1477 3485 memoriam

315 3527 461 3604 suscitat,
487 3547 591 3612 quam
614 3526 706 3611 apud
722 3526 917 3591 Ciceronem
933 3526 1153 3612 offendimus
1182 3547 1250 3611 qua
1267 3525 1477 3612 Chrysippus

315 3632 479 3719 probabat
502 3639 718 3720 praeceptum
742 3633 913 3718 quoddam
937 3633 1102 3699 avatibus
1126 3633 1252 3712 datum,
1277 3635 1407 3699 etiamsi
1431 3655 1478 3699 ar-

312 3747 511 3826 gumentum
530 3741 600 3805 cius
616 3742 684 3806 lato
701 3742 802 3821 fieret,
820 3748 933 3806 tamen
950 3741 1174 3806 necessarium
1191 3763 1260 3806 non
1277 3762 1357 3806 esse.
1390 3729 1479 3806 Nam

313 3847 374 3912 etsi
404 3847 461 3911 illa
492 3847 672 3934 Chrysippi
702 3849 946 3934 argumentatio
980 3868 1048 3913 non
1080 3848 1179 3934 plane
1211 3848 1386 3934 perspicua
1417 3855 1477 3926 est,

313 3960 399 4018 certe
418 3953 504 4017 inter
521 3960 699 4039 utramque
715 3955 797 4020 haec
813 3954 988 4020 intercedit
1004 3954 1197 4034 similitudo,
1216 3961 1254 4020 ut
1270 3977 1358 4034 res,
1376 3976 1479 4041 quam

313 4061 449 4126 letalem
466 4082 536 4125 esse
554 4068 586 4126 et
602 4061 823 4127 necessariam
836 4049 1037 4140 conceditur,
1054 4062 1273 4147 grammatica
1296 4063 1404 4127 torma
1427 4084 1478 4127 ex-

316 4167 482 4252 primitur,
507 4190 595 4252 quae
619 4169 850 4234 necessitatem
874 4169 1020 4254 effugiat.

422 4293 494 4356 lam
518 4314 579 4358 nos
603 4293 809 4379 applicemus
834 4294 876 4359 ad
893 4316 941 4373 ea,
959 4293 1082 4380 quibus
1095 4293 1285 4359 Alexander
1300 4295 1478 4381 Chrysippi

314 4399 575 4484 disputationem
600 4399 726 4464 refellit.
774 4401 884 4485 Atque
908 4401 1054 4487 primum
1080 4400 1218 4485 quidem
1241 4408 1419 4487 postquam
1443 4403 1479 4466 in

313 4505 507 4572 universam.
531 4506 760 4570 oscitationem
784 4507 855 4572 eius
878 4507 979 4572 irrisit
1004 4505 1045 4594 (v.
1075 4507 1124 4584 14,
1153 4509 1214 4595 15),
1233 4509 1342 4594 pergit
1364 4531 1394 4574 v.
1424 4511 1478 4574 15:

314 4609 387 4682 οὔτε
416 4615 480 4704 γάρ
511 4621 583 4680 πᾶν
605 4615 641 4679 τό
665 4615 703 4692 ἐξ
736 4617 879 4704 ἀνάγκης
902 4613 1091 4702 γιγνόμενον
1115 4615 1307 4700 α’ναγκαῐον,
1331 4623 1364 4685 εἴ
1380 4645 1418 4703 γε
1442 4619 1479 4686 τὸ
