3274 5434
526 477 535 526 4
630 467 671 476 ..
721 429 759 494 17
807 467 849 478 -.

159 627 379 705 παμποίκιλοι
415 636 489 711 περὶ
511 625 569 691 τδν
593 617 676 712 άέρα
699 637 819 712 τροπαὶ
844 633 1099 713 συμβαίνουσιν.
1118 681 1122 693 .
1140 681 1166 693 ..
1207 632 1259 706 Ἐξ
1282 620 1328 696 civ

160 737 334 814 συμφανὲς,
366 728 418 796 δτι
448 734 615 817 ἡνωμένον
644 760 675 798 τι
699 717 1023 822 σῶμακαθέστηκεν
1046 734 1063 799 δ
1088 737 1215 823 κόσμος.
1254 739 1326 804 Ἐπῐ

157 840 222 919 μὲν
245 834 306 925 γάρ
334 843 401 906 τῶν
425 838 460 904 ix
484 851 737 924 συναπτομένων
760 839 781 926 ἡ
805 838 983 907 διεστώτων
1006 834 1042 910 οδ
1067 845 1251 929 συμπάσχει
1283 846 1325 911 τά

155 953 240 1030 μέρη
274 943 449 1029 αλλήλοις·
471 953 505 1014 εἴ
522 975 558 1029 χε
581 946 617 1012 ἓν
640 951 779 1037 στρατιᾷ
803 945 945 1016 πάντων
971 997 977 1022 ,
1006 956 1035 1016 εί
1058 951 1157 1035 τάχοι,
1182 951 1326 1036 διαφθα-

156 1061 281 1140 ρέντων
302 1059 370 1120 τοῖν
405 1053 610 1142 στρατιωτῶν
644 1055 740 1122 οὐδέν
775 1055 860 1120 κατά
897 1053 1045 1124 διάδοσιν
1080 1058 1220 1142 πάσχειν
1256 1072 1327 1142 φαί-

157 1143 252 1226 νεται
269 1162 287 1225 δ
305 1165 497 1250 περισωθεὶς
516 1161 592 1227 ’ἐπὶ
612 1163 648 1227 δὲ
662 1164 728 1229 τῶν
743 1164 918 1246 ἡνωμένων
941 1165 1138 1248 συμπάθεια
1158 1178 1206 1245 τίς
1226 1167 1324 1240 ἐστιν,

156 1269 193 1330 εἴ
199 1291 235 1348 χε
248 1268 410 1335 δακτύλου
424 1278 621 1353 τεμνομένου
631 1266 666 1334 τδ
681 1264 758 1336 δίον
771 1271 1022 1337 συνδιατίθεται
1036 1275 1128 1357 σῶμα
1144 1271 1327 1359 ’ἡνωμένον

157 1385 269 1440 τοίνυν
292 1374 360 1440 ἐστὶ
384 1378 478 1460 σῶμα
501 1386 556 1441 καὶ
581 1377 598 1440 ὅ
622 1371 747 1460 κόσμος.

266 1496 428 1562 Videmus
452 1519 493 1562 ex
516 1498 568 1563 his
592 1499 704 1564 verbis
729 1500 828 1564 Sexto
853 1502 1070 1587 συμπάθειαν
1093 1523 1230 1566 causam
1244 1523 1324 1579 esse,

156 1626 226 1690 qua
241 1610 330 1669 totus
353 1605 501 1670 mundus
526 1612 558 1670 et
580 1606 792 1671 continentur
815 1612 847 1672 et
863 1628 951 1672 unus
976 1608 1018 1672 sit
1035 1614 1067 1672 et
1089 1608 1263 1694 oppositus
1279 1609 1326 1673 eis

156 1710 266 1788 rebus,
291 1733 377 1797 quoe
402 1734 443 1777 ex
463 1713 692 1798 compluribus
708 1713 859 1798 partibus
884 1713 953 1779 sive
978 1713 1239 1799 congruentibus
1257 1714 1326 1780 sive

156 1819 359 1884 distantibus
377 1827 408 1884 et
424 1819 599 1886 disiunctis
612 1826 775 1886 constant.
802 1820 881 1885 Vim
898 1827 1010 1886 antem
1029 1821 1131 1900 illam,
1149 1843 1217 1907 que
1231 1843 1326 1886 mun-

156 1926 221 1990 dus
245 1928 442 2005 continetur,
468 1928 598 2013 πνεῦμα
624 1949 644 1992 o
660 1927 778 1993 Stoicis
798 1928 959 2013 appellari
976 1928 1121 1993 affirmat
1137 1927 1327 1994 Alexander

156 2033 429 2119 Aphrodisiensis
473 2063 507 2102 ιτ.
539 2034 630 2123 κράσ.
656 2046 711 2103 καὶ
736 2035 807 2112 αδξ.
834 2056 859 2100 c.
887 2037 936 2114 10,
962 2059 993 2122 p.
1021 2037 1094 2113 223,
1113 2039 1140 2100 *6
1165 2057 1236 2121 sqq.
1275 2034 1324 2100 ed.

156 2140 267 2206 acad:
293 2149 370 2222 Παῖς
394 2145 421 2209 δ’
447 2136 504 2212 οδκ
529 2141 654 2210 ἄτοπον
677 2151 734 2209 καὶ
758 2142 794 2210 cd
820 2146 925 2227 λέγειν
941 2147 1095 2231 ἡνῶσθαι
1114 2142 1173 2229 τὴν
1198 2145 1326 2229 σύμπα-

156 2271 222 2315 σαν
245 2249 361 2315 οδσίαν
384 2251 576 2334 πνεύματός
599 2278 685 2329 τινος
709 2252 765 2318 διά
791 2248 898 2339 πάσης
921 2253 1025 2338 αὐτῆς
1045 2249 1237 2336 διήκοντος,
1271 2253 1325 2330 δυ’

156 2349 197 2424 οὗ
220 2367 389 2440 συνέχεταί
416 2385 451 2424 τε
486 2369 542 2424 καὶ
578 2370 730 2443 συμμένει
761 2359 797 2424 τδ
831 2365 903 2426 ποῒν
937 2371 994 2425 καὶ
1028 2364 1204 2444 συμπαθές
1239 2359 1326 2423 ἐστιν

155 2465 262 2552 αδτῷ;
298 2462 483 2548 eademque
519 2485 539 2528 o
575 2464 674 2528 Sexto
709 2464 728 2528 l.
767 2487 792 2528 c.
827 2465 849 2549 ξ
882 2466 924 2528 84
947 2487 995 2549 sq.
1033 2465 1079 2528 its
1113 2462 1324 2528 describitur:

156 2568 285 2658 ἀνάγκη
309 2569 375 2660 άρα
399 2570 466 2639 ont
491 2576 547 2657 τὴς
571 2574 700 2657 άρίστης
736 2572 842 2638 αὐτόν
862 2574 983 2654 φύσεως
1008 2579 1215 2656 συνέχεσθαι,
1253 2573 1326 2637 ἐπεὶ

156 2689 213 2744 καὶ
237 2688 378 2765 περιέχει
403 2679 463 2758 τάς
486 2676 623 2746 πάντων
646 2679 775 2760 φάσεις·
800 2676 819 2764 ἡ
844 2679 882 2744 δέ
910 2706 944 2760 χε
976 2680 1035 2757 τάς
1069 2680 1206 2746 πάντων
1241 2706 1326 2767 περι,

155 2796 273 2865 έχουσα
310 2787 419 2872 ηάσεις
454 2783 585 2860 πάντως
619 2787 687 2852 ἐστὶ
720 2783 848 2872 λοχικὴ
882 2787 920 2853 οδ
951 2784 1015 2872 γάρ
1039 2785 1108 2852 οἶόν
1131 2813 1166 2852 τε
1188 2787 1225 2852 τδ
1249 2783 1327 2854 dior

156 2891 214 2958 τοῦ
247 2902 362 2980 μέρους
396 2909 502 2982 χεῖρον
538 2895 632 2958 εἶναι.
678 2894 758 2959 Ἀλλ’
796 2899 826 2958 εί
859 2895 974 2982 οἷρίστη
1010 2893 1077 2958 ἐστὶ
1108 2890 1202 2979 φάσις
1225 2895 1245 2981 ἡ
1269 2894 1326 2960 τδν

156 2995 277 3084 κόσμον
308 3000 484 3074 διοικοῦσα,
520 3001 616 3089 νοερά
647 3025 681 3066 τε
705 2999 799 3065 ἔσται
829 3010 884 3066 καὶ
909 3001 1074 3067 σπουδαία
1108 3011 1164 3067 καὶ
1193 2992 1325 3067 άθάνα-

154 3128 228 3184 τος·
253 3103 388 3192 τοιαύτη
413 3106 448 3173 δὲ
472 3108 676 3191 τυγχάνουσα
702 3107 783 3184 θεός
807 3107 904 3175 ἐστιν.

263 3230 338 3296 Ηου
372 3231 472 3296 modo
508 3232 536 3296 si
570 3231 766 3297 universum
801 3231 964 3309 cohaeret,
999 3251 1131 3295 necesse
1167 3237 1215 3295 est
1239 3232 1324 3296 inter

156 3337 306 3422 singulas
338 3344 448 3424 partes
480 3339 750 3404 coniunctionem
775 3338 946 3423 quandem
971 3338 1192 3416 intercedere,
1224 3344 1324 3424 atque

155 3445 238 3510 haee
261 3445 335 3531 ipsa
358 3452 407 3510 est
430 3447 639 3532 συμπάθεια.
688 3446 821 3510 Etenim
858 3467 935 3510 cum
970 3467 1029 3530 per
1063 3452 1171 3509 totum
1205 3445 1325 3510 mnndi

156 3573 280 3638 corpus
304 3553 435 3639 πνεῦμα
468 3552 551 3617 illud
575 3552 793 3626 diffundatur,
819 3553 1021 3637 simulatque
1045 3573 1113 3616 una
1135 3552 1236 3617 huius
1259 3573 1325 3617 cor-

158 3659 249 3744 poris
266 3680 343 3744 pars
360 3660 487 3746 aliquid
504 3661 638 3746 patitur,
664 3660 746 3725 aliae
764 3682 898 3746 quoque
915 3667 1025 3745 portes
1037 3659 1229 3724 afficiuntur
1240 3657 1324 3747 (συμ-

156 3765 359 3852 πάσχουσιν).
387 3766 561 3852 Quidquid
574 3767 676 3853 igitur
688 3767 743 3832 alii
756 3767 842 3852 parti
859 3766 988 3844 oceidit,
1005 3788 1064 3852 per
1077 3774 1208 3853 πνεῦμα
1221 3772 1324 3832 trans·

156 3873 290 3938 ducitur
313 3874 355 3939 ad
379 3875 488 3939 eliam.
536 3874 618 3940 Inde
642 3875 808 3960 colligitur
832 3875 914 3939 duos
931 3896 982 3938 res
1006 3896 1044 3938 eo
1066 3873 1226 3938 naturalis
1250 3894 1324 3939 con·

155 3980 299 4065 tagionis
323 4003 453 4065 genere,
479 3981 519 4046 de
544 4003 610 4067 quo
634 3981 688 4047 hic
712 3981 830 4067 egitur,
855 3981 942 4045 inter
966 4003 999 4046 se
1023 4001 1166 4045 conexas
1189 4002 1257 4045 non
1281 3982 1323 4046 al-

154 4093 261 4153 teram
286 4110 327 4152 ex
350 4088 453 4153 altere
476 4089 718 4174 consequi,
744 4088 802 4154 sed
833 4089 969 4154 sirnul
994 4095 1093 4172 atque
1118 4109 1158 4152 ex
1182 4109 1250 4152 una
1274 4109 1323 4154 ea·

155 4193 301 4279 demque
326 4217 427 4261 causa
450 4196 529 4260 fieri.
579 4197 690 4272 Quare
707 4196 869 4281 exemplo,
895 4217 961 4281 quo
987 4196 1091 4259 utitur
1107 4195 1237 4274 Sextus,
1254 4217 1323 4260 non

155 4301 188 4366 id
215 4302 335 4368 docent
358 4301 458 4368 Stoici
485 4324 605 4388 corpus
642 4303 721 4388 pati,
757 4310 1000 4388 postquam
1024 4302 1148 4386 digitus
1172 4302 1322 4370 vulnera·

156 4417 210 4476 tus
227 4410 278 4488 sit,
297 4410 467 4476 sedcueso
491 4409 595 4496 digito
620 4410 757 4475 simul
782 4411 851 4494 pati
864 4409 1167 4496 (συνδιατίθεσθαι)
1190 4431 1319 4492 corpus.

155 4517 274 4603 Itaque
290 4538 359 4582 non
388 4539 494 4583 cons
506 4539 588 4603 equ
599 4539 620 4581 u
632 4523 739 4581 ntur
761 4539 802 4581 ex
815 4517 914 4582 lunae
926 4516 1213 4596 vicissitudinibus
1226 4523 1322 4582 terre-

159 4631 243 4690 stres
261 4645 367 4704 casus,
393 4625 536 4690 seduno
560 4631 708 4710 tempore
733 4645 811 4690 cum
830 4625 910 4690 luna
925 4631 1092 4690 crescente
1108 4630 1208 4710 etque
1233 4646 1321 4692 sene·

1005 4719 1020 4766 2
