3274 5434
806 411 1027 476 ..46-

335 609 423 674 Nam
448 610 590 676 Hecuba
614 610 679 674 nisi
703 610 828 685 luisset,
848 607 1078 672 Alexandrum
1102 627 1169 671 non
1194 605 1374 690 genuisset,
1391 623 1509 688 neque

335 716 389 781 hic
413 717 577 802 rapuisset
611 716 788 782 Helenam,
835 715 911 779 Non
935 714 1030 778 aliter
1055 721 1167 778 autem
1191 733 1243 776 res
1276 733 1310 776 se
1341 709 1448 775 habet
1473 709 1510 772 in

335 823 472 888 Medeae
496 823 659 908 exemplo,
685 844 763 888 curn
786 843 855 886 non
886 841 1076 886 necesse
1106 825 1231 885 esset
1261 839 1411 883 amorem
1434 837 1510 880 una

337 950 413 994 cum
438 931 535 995 navis
559 929 789 994 aedificatione
813 927 957 1005 incendi,
983 927 1038 992 sed
1072 927 1172 992 sine
1204 926 1261 991 illa
1284 946 1370 991 nave
1394 931 1428 989 et
1452 943 1510 1006 ag·

336 1037 428 1100 mino
452 1037 725 1122 Argonautarum
749 1055 844 1100 amor
867 1035 1007 1100 existere
1032 1055 1118 1098 non
1140 1039 1263 1119 posset.
1302 1033 1352 1096 ul.
1377 1030 1509 1116 Topica

336 1165 361 1207 c.
394 1147 430 1208 lli
454 1143 477 1230 ξ
502 1145 554 1223 61,
584 1143 643 1208 ubi
675 1148 788 1229 aperte
819 1142 942 1207 dicitur
964 1142 1027 1206 hoc
1052 1140 1245 1226 exemplum
1269 1138 1406 1204 Medeae
1431 1156 1508 1202 esse

336 1269 377 1314 ex
401 1272 585 1336 eogenere,
612 1250 710 1314 sine
743 1271 828 1334 quo
860 1247 1041 1334 aliquid
1071 1269 1158 1312 non
1189 1247 1288 1312 liat.

441 1358 563 1443 Liquet
585 1357 688 1442 igitur
711 1357 899 1421 Stoicorum
935 1377 1009 1420 earn
1039 1375 1158 1420 causae
1189 1353 1427 1430 definitionem,
1464 1349 1508 1414 de

336 1485 403 1550 qua
426 1486 495 1529 una
517 1485 624 1549 usque
648 1463 691 1528 ad
714 1463 789 1548 §36
813 1462 1056 1548 disputabatur,
1082 1460 1244 1526 contineri
1260 1460 1295 1524 in
1315 1481 1353 1524 eo
1369 1478 1506 1543 genere,

337 1571 429 1650 „sine
454 1592 521 1656 quo
545 1571 673 1656 aliquid
697 1571 782 1635 effici
806 1591 874 1635 non
898 1570 1033 1654 possit‘.
1083 1569 1182 1633 Nunc
1207 1566 1335 1632 accedit
1358 1567 1506 1631 alterum

335 1699 442 1762 genus
473 1677 610 1742 oonsilio
645 1677 687 1742 ab
718 1677 766 1742 eis
797 1675 1007 1741 Carneadeae
1040 1696 1159 1740 causae
1192 1674 1398 1759 adaptatum.
1440 1672 1475 1736 N
1477 1693 1506 1735 e·

336 1805 402 1870 que
442 1785 557 1870 negari
592 1791 701 1870 potest
740 1805 909 1848 summam
953 1781 1157 1848 intercedere
1191 1781 1278 1846 inter
1322 1786 1505 1864 utramque

336 1890 564 1955 definitionem
600 1890 853 1956 similitudinem
888 1910 927 1954 ac
959 1910 1065 1975 paene
1106 1888 1241 1954 easdem
1276 1909 1355 1953 θεεθ.
1415 1887 1507 1952 Nam
1608 1871 1609 1910 ³

337 2004 477 2082 uterque
511 1997 546 2062 id
580 1997 728 2082 intellegi
754 1997 835 2074 vult,
864 1995 954 2082 quod
994 1995 1052 2060 ubi
1092 1995 1217 2060 exstitit
1258 2015 1336 2060 cum
1365 1994 1505 2059 necessi·

337 2111 404 2170 tate
434 2105 524 2170 aliud
559 2103 730 2190 quoddam
763 2104 872 2168 efficit.
921 2103 987 2168 Sed
1014 2103 1167 2186 quaestio
1198 2109 1256 2181 est,
1289 2109 1405 2166 utrum
1429 2101 1505 2165 Oar-

336 2211 468 2290 neades,
495 2233 703 2297 quamquam
727 2210 909 2276 similitudo
944 2209 1079 2274 alterius
1104 2209 1233 2274 Stoicae
1266 2211 1390 2291 „(cum)
1414 2214 1503 2293 qua“

336 2325 437 2403 atque
461 2339 540 2382 suae
560 2319 666 2403 ipsius
683 2338 802 2383 causae
819 2339 897 2382 eum
913 2304 1038 2402 fugisse
1062 2317 1189 2400 nequit,
1209 2316 1347 2381 alteram
1365 2314 1503 2400 quidem

338 2446 474 2491 oausam
498 2424 766 2491 adversariorum
799 2424 974 2509 agnoverit
1009 2444 1122 2488 necne.
1172 2422 1281 2500 Quod,
1314 2422 1342 2486 si
1374 2428 1505 2486 textum

339 2539 491 2597 nostrum
514 2532 696 2617 sequimur,
714 2531 942 2596 confitendum
958 2537 1015 2596 est.
1051 2530 1141 2595 Dicit
1157 2530 1247 2595 enirn
1264 2529 1395 2594 Cicero:
1415 2528 1505 2607 „Neo

338 2640 382 2717 id,
409 2640 480 2704 sine
504 2660 572 2724 quo
596 2638 771 2723 quidpiam
800 2660 868 2703 non
892 2639 938 2716 tit,
964 2659 1065 2703 causa
1088 2645 1137 2702 θεῖ
1160 2636 1265 2724 (reicit
1286 2636 1390 2721 igitur
1412 2635 1505 2721 prius

337 2768 454 2832 genus,
479 2752 516 2810 ut
540 2751 802 2810 consentaneum
826 2751 898 2831 est),
924 2746 982 2810 sed
1005 2745 1050 2824 id,
1081 2744 1173 2830 quod
1196 2765 1274 2808 cum
1297 2743 1437 2808 accessit
1459 2741 1503 2818 id,

338 2854 434 2920 cuius
458 2873 559 2918 causa
583 2857 641 2931 est,
667 2853 768 2918 efficit
791 2853 1007 2918 necessario“.
1045 2851 1119 2916 Hoc
1146 2851 1193 2916 ita
1215 2850 1362 2935 intellegi
1386 2854 1504 2935 potest,

339 2967 378 3025 ut
400 2960 554 3025 videatur
579 2959 767 3024 Carneades
790 2959 825 3024 in
848 2960 912 3025 hac
940 2959 1043 3024 altera
1066 2980 1185 3024 causae
1210 2958 1403 3022 definitione
1427 2977 1503 3021 curn

339 3067 527 3153 Chrysippo
551 3067 748 3132 consentire.

446 3173 511 3238 Sed
534 3175 605 3240 veri
637 3196 706 3239 non
741 3179 790 3239 est
824 3173 931 3238 simile
966 3173 1020 3241 vel
1051 3173 1088 3238 in
1118 3173 1181 3238 hac
1217 3193 1343 3237 unare
1368 3170 1503 3236 cessisse

339 3281 527 3366 Chrysippo
545 3280 794 3362 adversarium,
818 3302 852 3346 re
868 3302 949 3347 vera
965 3281 1055 3345 enirn
1072 3281 1172 3346 etiam
1188 3281 1271 3346 haec
1287 3300 1389 3345 causa
1404 3277 1504 3362 Chry·

340 3389 427 3473 sippi
444 3387 556 3453 differt
578 3388 794 3454 aOarneade.
827 3388 916 3453 Nam
939 3389 994 3454 hio
1017 3388 1241 3454 accedere
1265 3387 1346 3453 dicit
1358 3407 1502 3461 causam,

340 3517 416 3561 cum
443 3516 510 3580 qua
540 3494 669 3580 aliquid
700 3496 852 3574 efficitur,
886 3497 940 3561 ille
971 3518 1046 3561 eam
1070 3517 1111 3560 ex
1134 3493 1408 3561 antecedentibus
1431 3492 1503 3558 aliis

340 3610 455 3688 aptam
479 3623 549 3667 esse
574 3601 674 3667 ducit.
722 3602 868 3682 Accedit,
902 3602 993 3688 quod
1025 3609 1101 3689 post
1124 3602 1227 3670 verba
1262 3621 1417 3682 „necesse
1440 3601 1501 3664 sit‘

342 3709 530 3774 Stoicorum
553 3709 701 3774 defensio
725 3709 820 3774 finita
843 3716 892 3774 est
915 3717 947 3774 et
970 3710 1073 3775 verba
1101 3731 1187 3795 quae
1211 3715 1398 3795 sequuntur
1422 3726 1503 3786 „nec

339 3816 395 3881 id‘
420 3815 515 3881 initio
532 3817 757 3901 responsionis
773 3822 843 3881 tam
859 3838 927 3881 non
945 3823 1024 3902 apta
1047 3823 1134 3895 sunt,
1152 3823 1282 3881 utente
1305 3817 1387 3880 haec
1403 3813 1504 3881 verba

341 3923 437 3988 colon
453 3922 615 3988 excidisse
635 3923 780 4009 suspicio
796 3924 929 3988 oriatur.
971 3923 1081 4016 ¹„Nec‘
1099 3923 1262 4008 particula
1278 3923 1378 4000 enim,
1396 3923 1457 3986 etsi
1474 3927 1505 3986 et

341 4040 360 4114 ξ
389 4033 427 4095 18
454 4038 486 4096 θῖ
505 4031 546 4096 28
572 4030 724 4098 liberiore
749 4030 850 4096 modo
866 4030 1052 4118 adhibita,1)
1069 4030 1227 4116 explicari
1245 4035 1359 4094 tamen
1375 4035 1502 4114 potest;

342 4213 435 4220 ....-......
442 4214 657 4220 —-.-.-—..—..-.

449 4333 468 4404 ²)
479 4335 496 4401 ξ
509 4339 541 4392 18
561 4351 595 4388 m.
610 4351 684 4404 „neq
698 4349 757 4388 oum
771 4335 838 4390 haec
856 4331 896 4386 ita
909 4332 971 4402 sint,
986 4340 1027 4387 est
1037 4333 1145 4401 causa“,
1164 4332 1219 4404 ubi,
1233 4349 1293 4387 cum
1312 4332 1347 4386 ad
1360 4331 1505 4400 Epicureos

341 4424 455 4492 scriptor
478 4430 600 4478 transeat
617 4425 697 4491 plane
716 4423 816 4477 Stoicis
836 4423 992 4492 contrarios,
1012 4439 1115 4494 „neque
1134 4423 1242 4477 tamcn“
1269 4433 1455 4497 exspectatur;
1480 4434 1506 4480 et

341 4513 457 4567 maxime
477 4513 493 4580 ξ
513 4517 546 4566 28
567 4513 747 4582 compluribus
766 4513 838 4567 locis.
876 4513 961 4566 Initio
981 4513 1051 4567 enirn
1071 4514 1185 4583 legimus
1204 4513 1280 4583 „Nec
1292 4515 1315 4568 si
1337 4531 1413 4570 omne
1427 4531 1505 4570 annu·

341 4602 457 4658 tiutum“
493 4619 540 4670 pro
569 4619 673 4672 „neque
705 4604 814 4656 tamen“
838 4603 882 4669 (of.
909 4619 990 4670 supra
1017 4620 1042 4670 p.
1073 4607 1112 4670 5);
1133 4604 1229 4659 deinde
1253 4606 1282 4660 in
1310 4609 1403 4660 eadem
1432 4623 1506 4674 para·
1608 4667 1609 4692 ¹
