3274 5434
875 1416 915 1481 ΙΙ.

624 1579 675 1646 De
698 1579 841 1645 notione
862 1577 919 1666 τῆς
942 1584 1164 1660 συμπαθείας.

418 1737 565 1800 Priorem
582 1737 684 1802 libelli
700 1737 908 1802 Ciceroniani
932 1743 1060 1821 partem
1077 1735 1228 1800 dolemus
1251 1737 1319 1801 lato
1343 1737 1390 1800 ita
1405 1756 1475 1800 esse

313 1843 510 1922 mutilatam,
544 1848 581 1906 ut
615 1863 740 1921 eorum,
777 1864 863 1928 quae
898 1848 1013 1907 contra
1036 1829 1254 1906 Pesidonium
1288 1842 1329 1907 de
1365 1864 1475 1907 rerum

313 1949 509 2034 contagione
533 1955 648 2014 auctor
671 1948 908 2034 disputaverat,
934 1948 1017 2012 nihil
1041 1947 1105 2013 nisi
1130 1955 1276 2013 extrema
1301 1970 1378 2034 pars
1401 1948 1434 2036 (ξ
1456 1951 1475 2014 5

315 2064 348 2121 et
371 2059 401 2138 6)
427 2056 523 2121 nobis
547 2056 676 2140 reliqua
699 2055 750 2120 sit.
787 2056 881 2131 Quae
906 2077 957 2120 res
980 2055 1071 2120 haud
1095 2056 1162 2120 scio
1186 2077 1229 2120 an
1253 2056 1340 2121 iuter
1362 2077 1477 2122 causas

313 2170 472 2241 versetur,
491 2184 550 2227 eur
568 2163 650 2227 etin
667 2162 719 2226 his
735 2163 953 2248 paragraphis
970 2169 1002 2230 et
1018 2163 1053 2226 in
1071 2162 1288 2248 sequentibus
1300 2163 1334 2248 (ξ
1348 2164 1475 2251 7-11),

314 2271 538 2356 quibuscum
563 2270 749 2355 Chrysippo
774 2269 814 2334 de
839 2269 953 2334 eadem
979 2291 1013 2334 re
1031 2269 1144 2334 (licere
1168 2269 1348 2348 contendit,
1373 2271 1477 2336 multa

314 2376 513 2442 dubitationi
537 2376 682 2442 obnoxia
706 2376 780 2441 sint.
828 2377 945 2461 ltaque
975 2376 1002 2441 si
1030 2377 1084 2440 cui
1108 2377 1307 2442 sententiam
1331 2379 1476 2462 capitum

314 2484 372 2562 ΙΙΙ,
398 2484 446 2549 IV
450 2537 457 2562 ,
482 2484 512 2549 V
537 2490 623 2548 recte
647 2484 816 2568 percipere
841 2504 939 2548 curae
964 2490 1031 2561 est,
1057 2505 1125 2548 non
1149 2484 1270 2568 poterit
1299 2505 1366 2548 non
1398 2485 1478 2549 alios

315 2592 490 2676 scriptores
514 2590 615 2668 adire,
640 2612 657 2655 e
682 2589 805 2675 quibus
829 2590 869 2655 de
893 2591 1028 2656 notione
1057 2591 1264 2676 contagionis
1295 2590 1477 2657 edoceatur.

422 2697 662 2782 Contagionem
699 2697 819 2762 docent
853 2698 1005 2782 exempla
1041 2698 1240 2763 aCicerone
1276 2698 1383 2764 tribus
1416 2699 1480 2762 illis

316 2803 480 2890 capitibus
504 2805 604 2869 allata
627 2803 769 2869 eandem
792 2805 964 2869 notionem
988 2826 1058 2869 esse
1074 2803 1344 2889 intellegendam,
1378 2825 1478 2889 qnam

317 2911 443 2976 eisdem
465 2912 533 2976 fere
550 2911 711 2996 exemplis
734 2911 933 2975 illustratam
957 2910 992 2974 in
1016 2910 1108 2976 libris
1126 2911 1175 2975 De
1199 2917 1319 2976 natura
1342 2911 1479 2976 deorum

316 3018 363 3102 (ΙΙ
380 3018 402 3104 ξ
421 3019 473 3102 19)
497 3025 529 3082 et
552 3018 601 3082 De
623 3016 828 3083 divinatione
852 3016 895 3104 (Il
918 3017 997 3103 §33
1024 3040 1083 3102 sq.‚
1101 3017 1123 3103 ξ
1141 3018 1214 3104 142)
1238 3019 1479 3102 cognationem.

317 3125 595 3202 coniunctionem,
621 3124 915 3202 continuationem,
950 3145 1161 3202 consensum,
1197 3145 1391 3190 concessum
1427 3145 1480 3189 na-

317 3240 410 3297 turae
433 3238 549 3297 auctor
571 3239 676 3309 vocat,
702 3231 825 3316 quibus
856 3237 968 3296 tamen
998 3231 1155 3297 omnibus
1188 3231 1382 3297 nominibus
1409 3232 1480 3318 ipse

318 3341 489 3425 profitetur
512 3360 546 3404 se
571 3339 774 3404 Graecorum
797 3344 924 3404 vertere
948 3337 1173 3426 συμπάθειαν.

424 3463 629 3549 Incipiamus
645 3485 665 3528 a
682 3463 781 3528 Sexto
797 3464 976 3549 Empirico
995 3465 1053 3550 qui
1066 3464 1141 3530 adv.
1155 3465 1257 3529 math.
1272 3463 1322 3528 IX
1338 3463 1360 3549 ξ
1374 3464 1415 3528 79
1432 3485 1478 3549 sq.

318 3573 359 3637 de
382 3572 517 3636 notione
542 3579 756 3656 συμπαθείας
788 3570 972 3636 secundum
998 3572 1124 3636 Stoicos
1153 3571 1399 3636 accuratissime
1423 3578 1481 3636 ret-

318 3680 394 3744 tulit
416 3679 513 3743 haec:

406 3798 495 3871 Ἐπεὶ
519 3797 658 3870 οὖνκαὶ
683 3805 701 3868 ὅ
725 3805 842 3889 κόσμος
865 3806 959 3889 σῶμά
982 3805 1087 3878 ἐστιν,
1112 3803 1183 3892 ἤτοι
1207 3807 1383 3892 ῆνωμίνων
1416 3803 1481 3870 ἐστὶ

320 3919 414 3998 σῶμα
430 3910 450 3997 ἢ
466 3911 502 3977 ἐκ
526 3921 781 3994 συναπτομένων
804 3907 876 3996 clix
894 3910 1076 3979 διεστώτων
1095 3931 1101 3945 ·
1122 3907 1196 3979 oilae
1212 3913 1247 3978 δὲ
1270 3908 1304 3977 ἐκ
1328 3932 1480 3979 συναπτο-

318 4031 426 4105 μένων
450 4017 523 4085 οὔτε
545 4017 581 4083 ἐκ
613 4017 801 4094 διεστώτων,
831 4019 873 4094 atr
905 4016 1075 4100 δείκνυμεν
1107 4019 1143 4085 ἐκ
1173 4021 1238 4085 τών
1273 4031 1351 4107 περί
1380 4011 1481 4086 αδτδν

320 4131 550 4213 σσμπαθειών.
600 4121 694 4191 Kasai
718 4123 780 4211 γὰρ
804 4123 863 4204 ταὶς
893 4128 949 4209 τῆς
982 4121 1112 4209 σελήνης
1145 4117 1294 4210 αδξήσεις
1323 4137 1380 4191 καὶ
1407 4132 1481 4211 odl-

321 4256 383 4313 σεις
407 4233 513 4300 πολλοὶ
537 4231 603 4299 τών
627 4260 661 4299 τε
685 4233 838 4316 ἐπιγείων
872 4234 962 4311 ζώων
993 4244 1049 4299 καὶ
1081 4235 1275 4299 θαλασσίων
1305 4240 1419 4319 petra
1448 4259 1481 4299 τε

320 4353 374 4408 καὶ
405 4335 553 4418 alienat,
586 4341 754 4423 ἀμπώτεις
776 4366 810 4405 τε
842 4351 897 4406 καὶ
932 4341 1149 4426 πλημμυρίδες
1183 4352 1262 4429 περί
1291 4364 1364 4407 τινα
1402 4349 1481 4429 μίρη

319 4455 375 4534 τῆς
410 4448 583 4534 θαλάσσης
616 4460 771 4529 γίνονται.
814 4445 974 4526 Ὡσαύτως
1014 4450 1050 4514 δὲ
1084 4459 1139 4514 καὶ
1172 4449 1259 4514 κατά
1291 4473 1383 4526 τινας
1418 4453 1482 4513 τών

322 4557 465 4644 ἀστέρων
488 4555 645 4633 ἐπιτολάς
668 4565 722 4621 καὶ
756 4555 860 4634 δύσεις
887 4557 1069 4642 μεταβολαὶ
1092 4561 1150 4623 τοῦ
1190 4565 1394 4642 περιέχοντος
1428 4564 1482 4620 καὶ
