3274 5434
776 396 996 460 ..32-

310 593 439 687 ψεῦδος.
466 593 577 669 Quare
592 613 678 677 quae
693 614 754 657 nee
763 594 887 683 ψεῦδος
900 613 960 656 nec
974 594 1100 680 ἀληθές
1114 597 1201 670 sunt,
1218 613 1284 656 non
1298 613 1478 658 numeran-

307 700 454 765 turinter
465 700 640 764 axiomata.
667 700 813 785 ltaquee
827 699 985 763 connexis
998 699 1052 763 ille
1061 698 1197 783 quidem
1212 701 1304 764 nulla
1311 700 1478 786 approbat

309 806 372 871 nisi
403 828 451 886 ea,
486 808 521 871 in
546 807 669 893 quibus
692 807 736 886 id,
762 805 853 891 qued
877 806 1015 891 apodosi
1039 806 1241 872 eontrarium
1267 808 1318 884 sit,
1346 813 1478 893 pugnet

307 934 383 977 eum
409 914 543 1000 protasi,
569 920 624 978 ut:
650 913 678 978 si
702 913 771 978 dies
796 921 854 990 est,
880 913 937 977 lux
961 920 1010 978 est
1033 913 1113 998 (Vll
1136 913 1237 998 §tlh
1263 915 1350 979 Sext.
1377 915 1474 1000 Emp.

309 1020 423 1105 pyrrh.
458 1020 536 1106 hyp.
561 1019 594 1084 ll
621 1018 703 1106 112).
752 1020 866 1083 Minus
901 1019 1003 1102 igitur
1037 1021 1149 1086 lavere
1184 1020 1338 1086 videmus
1374 1023 1476 1108 Chry-

309 1117 445 1213 sippum
462 1127 643 1192 enuntiatis
661 1126 955 1204 condicionalibus,
981 1126 1072 1211 quod
1095 1129 1270 1192 confirmat
1285 1128 1477 1194 Alexander

310 1233 579 1319 Aphrodisiensis
604 1234 645 1298 ad
671 1233 804 1298 Aristot.
831 1233 927 1298 Anal.
953 1255 1000 1319 pr.
1027 1257 1059 1320 p.
1088 1235 1181 1313 1843
1207 1257 1279 1320 sqq.
1305 1236 1355 1300 ed.
1381 1257 1426 1301 ae.

417 1342 535 1426 ltaque
559 1342 586 1405 si
611 1341 797 1425 Diogenem
822 1341 1003 1425 sequimur,
1039 1343 1182 1406 formam
1206 1349 1371 1408 mutatam
1394 1342 1476 1428 (non

310 1458 342 1515 et
364 1503 369 1513 .
397 1499 403 1513 .
431 1500 437 1512 .
455 1448 497 1536 et)
521 1448 629 1532 magis
646 1456 769 1513 certam
787 1470 826 1512 ae
844 1446 1015 1512 delinitam
1029 1449 1236 1534 Chrysippus
1253 1450 1349 1514 duxit
1372 1471 1476 1536 quam

311 1556 522 1621 enuntiatum
546 1555 774 1621 condicionale
810 1555 949 1640 (siquis
975 1608 1032 1621 ...
1057 1556 1109 1640 is).
1159 1556 1203 1622 At
1226 1579 1328 1642 supra
1353 1556 1395 1643 (p.
1421 1557 1477 1644 29)

310 1664 457 1730 vidimus
481 1670 657 1748 propterea
674 1662 821 1728 Stoicum
847 1684 1037 1727 connexum
1061 1663 1100 1749 (si
1125 1664 1200 1748 quis
1219 1716 1223 1727 .
1244 1715 1249 1727 .
1270 1717 1275 1727 .
1293 1664 1332 1751 is)
1355 1664 1476 1750 impro-

312 1770 416 1844 basse,
441 1771 522 1854 quia
544 1768 699 1854 apodosis
724 1768 793 1855 (,‚in
817 1770 901 1834 mari
925 1791 994 1833 nen
1012 1771 1204 1856 morietur‘)
1228 1772 1476 1836 necessario

311 1900 328 1942 e
345 1878 469 1963 protasi
485 1877 644 1963 consequi
662 1876 846 1944 videbatur.
884 1875 985 1942 Vides
1002 1899 1153 1962 pugnare
1169 1877 1256 1942 inter
1271 1899 1306 1942 se
1323 1879 1477 1963 exempla

311 2007 331 2049 a
355 1985 450 2050 nobis
474 1984 611 2049 collecta
634 1991 667 2048 et
689 1984 850 2068 Diogenis
875 1984 1126 2068 expositionem,
1161 2005 1264 2069 quam
1288 2006 1476 2069 repugnan-

312 2093 392 2156 tiam
417 2093 523 2156 lateor
545 2113 599 2155 me
624 2090 736 2155 tollere
760 2113 829 2154 non
853 2112 958 2175 posse.

420 2199 513 2263 Haec
537 2197 638 2283 igitur
652 2220 785 2263 summa
809 2204 857 2262 est
877 2198 977 2262 huius
994 2197 1229 2283 disputationis
1252 2220 1321 2263 nen
1338 2199 1474 2283 liquere,

312 2305 435 2391 quibus
459 2305 665 2390 argumentis
689 2304 897 2390 Chrysippus
921 2306 1084 2370 rationem
1108 2305 1199 2370 illam
1223 2305 1362 2370 fulserit.
1410 2305 1475 2370 Sed

313 2415 451 2478 tortasse
486 2413 609 2476 frustra
637 2418 836 2497 argumenta
871 2413 1064 2496 quaerimus
1100 2412 1241 2490 saniora,
1276 2413 1335 2477 ubi
1367 2413 1477 2498 agitur

313 2519 353 2584 de
381 2518 639 2603 argumentandi
675 2518 873 2603 ambagibus
908 2525 1008 2604 atque
1033 2519 1253 2598 deverticuliS,
1290 2520 1402 2604 qualia
1436 2541 1477 2583 ex

312 2627 374 2690 hae
398 2627 472 2710 ipsa
487 2625 713 2710 Chrysippeae
738 2625 968 2710 philosophiae
993 2626 1126 2710 regione
1144 2625 1327 2691 Alexandri
1351 2626 1391 2691 de
1408 2627 1476 2690 lato

313 2734 396 2798 libro
421 2732 587 2798 novimus.

419 2841 459 2903 ln
482 2840 546 2904 hoc
570 2840 660 2904 enim
684 2839 767 2904 libro
791 2838 829 2926 (e.
855 2840 898 2928 X)
930 2862 957 2905 e.
981 2862 1011 2925 g.
1038 2841 1265 2927 Chrysippum
1289 2839 1479 2906 Alexander

313 2953 427 3012 narrat
449 2947 496 3010 ita
520 2947 584 3025 „id,
610 2946 700 3031 qued
725 2947 795 3011 lieri
819 2953 947 3032 potest*
983 2969 1113 3014 servare
1146 2947 1322 3026 studuisse,
1347 2954 1384 3012 ut
1407 2968 1479 3012 esse

315 3056 459 3122 δυνατόν
489 3053 641 3119 definiret
664 3053 708 3130 id,
745 3054 834 3138 quod
872 3055 1041 3139 quomode
1066 3054 1298 3140 prohiberetur
1320 3077 1362 3119 ne
1387 3055 1479 3119 tieret

314 3161 529 3226 nesciremus.

421 3267 549 3332 Eadem
573 3265 830 3352 argumentandi
854 3267 987 3333 levitate
1019 3267 1046 3332 si
1071 3267 1171 3333 etiam
1195 3269 1229 3333 in
1254 3269 1374 3334 haere
1398 3290 1481 3333 usus

228 3373 232 3382 ’
316 3384 366 3440 est
388 3375 606 3460 Chrysippus,
643 3381 675 3439 et
697 3373 776 3438 huie
811 3374 931 3438 rationi
967 3380 999 3439 et
1021 3375 1078 3453 illi,
1114 3375 1155 3440 de
1191 3397 1259 3461 qua
1290 3375 1481 3441 Alexander

316 3482 452 3559 rettulit,
496 3482 634 3545 fortasse
669 3480 787 3544 similis
823 3480 936 3545 subest
971 3481 1075 3546 dolus
1123 3481 1176 3546 Ad
1211 3484 1354 3548 formam
1389 3483 1481 3548 enim

318 3611 404 3667 „non
431 3595 484 3653 et.
506 3640 537 3652 ..
566 3593 629 3666 et‘,
666 3588 792 3673 quippe
829 3609 914 3672 quae
950 3588 1162 3655 conclusione
1198 3596 1332 3669 careret,
1368 3595 1482 3655 mente

317 3701 425 3781 potest
449 3695 596 3780 suppleri
622 3701 809 3780 „quantum
841 3695 998 3760 seimus‘.
1044 3696 1133 3760 Tum
1168 3704 1280 3762 autem
1308 3697 1482 3762 enuntiato

320 3824 408 3882 „non
433 3808 466 3867 et
489 3809 587 3866 natus
612 3802 760 3887 estquis
784 3822 830 3867 or.
857 3803 891 3866 C.
918 3802 1059 3866 atisin
1083 3804 1168 3868 mari
1191 3805 1371 3870 morietur‘
1396 3804 1483 3868 nihil

317 3910 408 3975 aliud
432 3908 682 3994 exprimebatur
705 3909 770 3974 nisi
794 3929 901 3994 usque
925 3908 968 3973 ad
991 3909 1082 3973 hune
1105 3910 1194 3976 diem
1218 3912 1298 3976 talia
1320 3932 1389 3976 una
1412 3933 1482 3975 non

318 4017 476 4082 accidisse
512 4022 545 4080 et
580 4016 657 4080 inde
693 4023 908 4102 praeceptum
943 4016 1041 4080 licere
1075 4038 1205 4082 sumere
1229 4041 1297 4082 non
1333 4018 1483 4082 solere

318 4125 474 4189 accidere.
523 4123 629 4188 Simul
654 4131 766 4189 autem
791 4123 1035 4188 concedebatur
1058 4125 1184 4190 nescire
1210 4147 1279 4203 noe,
1315 4147 1484 4211 quaenam

319 4253 371 4295 res
395 4230 572 4316 impediret
596 4231 777 4315 queminus
810 4236 991 4315 utrumque
1026 4232 1126 4296 simul
1151 4233 1306 4298 eveniret.
1354 4231 1485 4309 Quodsi

318 4338 363 4416 id,
399 4338 489 4422 quod
513 4338 691 4415 nescimus
730 4358 789 4402 eur
822 4337 894 4402 fieri
918 4338 1142 4423 prohibeatur,
1180 4339 1321 4408 δυνατόν
1352 4338 1484 4418 dieitur,

320 4447 461 4514 δυνατόν
477 4450 534 4518 ¹est
556 4443 699 4509 Fabium
723 4451 837 4508 tamen
860 4443 894 4508 in
920 4445 1004 4508 mari
1028 4445 1172 4510 interire.

745 4660 1062 4670 m—
