3274 5434
648 380 868 448 ..rs-
963 357 964 361 ‘

176 600 265 664 quae
288 600 379 644 nunc
403 580 497 658 fiunt,
522 578 705 648 sedetiam
729 601 815 664 quac
839 581 954 644 lutura
971 584 1058 657 sunt,
1084 600 1124 642 ex
1148 580 1341 644 aeternitate

175 707 295 752 causas
318 686 452 765 habent,
478 708 537 752 cur
560 687 606 751 ita
629 687 792 752 eveniant.

119 787 121 796 ’
285 793 337 858 Ex
360 793 422 858 hac
446 800 559 860 autem
583 795 785 879 sempiterna
808 799 909 878 atque
932 792 1136 858 immutabili
1160 794 1243 858 serie
1268 813 1341 858 cau·

175 922 292 965 sarum
308 901 493 966 necessario
510 901 660 986 sequitur
684 907 784 986 atque
808 923 828 965 a
851 900 1038 986 Chrysippo
1055 901 1128 985 ipso
1145 900 1341 965 conceditur

174 1007 243 1094 (32)
266 1008 379 1072 lutura
402 1007 516 1073 omnia
538 1029 617 1074 vera
633 1029 713 1086 esse,
741 1014 799 1086 „ut
821 1006 868 1072 ita
887 1014 974 1072 certe
992 1007 1157 1086 eveniant,
1183 1007 1340 1092 quemad-

172 1113 316 1179 modum
351 1115 418 1180 sint
451 1115 595 1179 lutura“.
643 1115 760 1199 Itaque
795 1136 882 1199 quae
917 1115 1059 1179 aeternis
1097 1114 1205 1180 causis
1240 1121 1340 1179 antea

174 1222 357 1287 constituta
381 1228 414 1286 et
435 1222 610 1307 praefinita
633 1227 721 1298 sunt,
757 1221 827 1286 fieri
862 1243 931 1286 non
966 1227 1083 1307 potest,
1121 1228 1158 1286 ut
1191 1227 1340 1286 autnon

175 1336 236 1394 aut
259 1329 323 1395 alio
348 1328 447 1394 modo
471 1329 643 1408 eveniant;
680 1336 780 1413 atque
816 1327 934 1393 eadem
971 1328 1012 1393 de
1047 1350 1148 1393 causa
1184 1350 1270 1414 quae
1294 1329 1339 1395 vi-

175 1435 290 1501 cissim
319 1443 357 1500 ut
379 1457 447 1501 non
482 1437 564 1501 fiant
597 1437 794 1521 praestituta
829 1441 916 1514 sunt,
953 1457 1031 1500 cum
1055 1435 1164 1500 desint
1187 1442 1340 1501 aeternae

175 1563 307 1621 causae,
331 1543 423 1607 nullo
447 1564 599 1628 unquam
622 1543 722 1608 modo
745 1543 816 1608 fieri
840 1548 988 1627 possunt.
1037 1543 1130 1608 Haec
1153 1543 1340 1607 necessario

177 1671 195 1714 e
221 1649 400 1735 Chrysippi
424 1649 574 1714 doctrina
610 1651 769 1735 consequi
804 1671 913 1735 neque
936 1650 1007 1736 ipse
1032 1671 1154 1735 negare
1178 1656 1287 1735 potest
1309 1655 1342 1714 et

177 1757 371 1822 Academici
395 1757 492 1841 quasi
514 1757 661 1842 positum
686 1764 718 1822 et
740 1777 936 1823 concessum
961 1744 1100 1822 sumunt

284 1864 356 1928 Iam
390 1885 469 1930 vero
504 1864 617 1929 statim
658 1871 797 1950 apparet
828 1865 916 1929 hanc
951 1863 1137 1928 doctrinam
1171 1863 1207 1927 in
1231 1865 1340 1949 priore

175 1977 270 2057 parte
307 1971 485 2050 Ciceronis,
520 1993 605 2056 quae
639 1992 673 2036 re
696 1993 776 2037 vera
799 1971 960 2056 posterior
995 1977 1045 2036 est
1078 1970 1176 2037 valde
1200 1992 1270 2036 esse
1294 1992 1340 2035 re-

176 2079 315 2144 missam
352 2084 384 2142 et
418 2079 531 2143 minus
567 2100 725 2145 severam.
784 2079 997 2164 Paragrapho
1033 2078 1124 2143 enim
1162 2079 1201 2143 13
1226 2078 1340 2144 Cicero

176 2185 405 2272 Chrysippum
421 2186 468 2250 ita
484 2187 625 2251 affatur:
653 2187 725 2264 „Tu
741 2192 782 2264 et,
807 2207 893 2271 quae
909 2207 977 2250 non
995 2192 1074 2250 sunt
1096 2187 1218 2264 lutura,
1243 2207 1340 2271 posse

175 2294 248 2358 fieri
272 2292 364 2371 dicis,
400 2299 438 2357 ut
472 2293 582 2377 frangi
616 2279 703 2358 hano
726 2315 906 2378 gemmam,
944 2293 1074 2357 etiamsi
1104 2293 1140 2356 id
1163 2313 1339 2377 nunquam

175 2402 330 2464 futurum
353 2401 416 2468 sit:
453 2421 563 2484 neque
598 2421 732 2465 neeesse
766 2401 869 2465 luisse
893 2400 1074 2485 Cypselum
1107 2421 1246 2485 regnare
1282 2400 1339 2465 Co·

176 2507 290 2582 rinthi,
316 2527 522 2592 quamquam
547 2507 582 2571 id
605 2507 781 2572 millesimo
806 2513 883 2571 ante
910 2528 999 2571 anno
1018 2507 1183 2592 Apollinis
1207 2507 1339 2572 oraculo

176 2614 306 2679 editum
329 2620 445 2680 esset.“
492 2615 609 2700 Itaque
626 2614 833 2700 Chrysippus
863 2614 999 2699 aliquid,
1033 2613 1124 2699 quod
1150 2634 1237 2679 non
1276 2615 1341 2678 lu·

176 2728 344 2799 turum,
392 2721 450 2786 sed
482 2722 650 2786 falsum
683 2721 734 2799 sit,
771 2721 838 2786 scil.
883 2722 936 2786 cui
979 2721 1090 2786 nullae
1133 2720 1339 2799 antecedant,

176 2850 307 2907 causae,
332 2836 445 2893 tamen
478 2829 588 2920 lieri
621 2849 773 2914 posse,
808 2835 840 2892 et
863 2828 954 2913 quod
977 2849 1095 2894 verum
1119 2830 1271 2892 futurum
1288 2829 1340 2902 sit,

178 2936 275 3001 cuius
298 2957 418 3002 causae
435 2957 476 3001 ex
492 2935 685 3001 aeternitate
702 2941 789 3000 certe
804 2937 1003 3001 constitutae
1020 2936 1096 3013 sint,
1119 2957 1189 3000 non
1206 2957 1339 3000 necesse

177 3064 249 3108 esse
273 3044 425 3108 affirmat.

285 3150 481 3215 Differentia
503 3149 606 3235 igitur
629 3149 803 3234 utriusque
820 3149 923 3235 partis
941 3150 1150 3235 apertissima
1167 3155 1215 3214 est
1231 3170 1341 3234 neque

176 3255 330 3321 dubitare
354 3257 438 3335 licet,
474 3257 557 3343 quin
592 3257 639 3321 ita
662 3255 859 3341 explicanda
892 3256 943 3333 sit,
979 3262 1017 3320 ut
1039 3255 1274 3322 Ciceronianas
1300 3277 1342 3319 ex

179 3363 390 3428 Carneadeae
414 3364 623 3430 refutationis
646 3363 745 3449 plane
774 3363 913 3429 diversis
937 3363 1087 3448 partibus
1111 3364 1248 3428 haustas
1272 3381 1342 3427 esse

178 3471 418 3550 existimemus,
443 3493 530 3557 quae
566 3470 648 3536 adeo
684 3493 752 3536 non
777 3469 1008 3548 cohaerebant,
1034 3477 1072 3535 ut
1094 3470 1130 3534 in
1154 3471 1200 3534 eis
1224 3492 1265 3534 ne
1290 3492 1341 3534 ex-

178 3578 358 3663 plicaretur
381 3579 518 3663 quidem
541 3579 623 3644 haec
648 3578 776 3643 Stoicae
806 3576 975 3642 doctrinae
999 3576 1230 3662 discrepantia,
1256 3599 1342 3662 quae

179 3686 251 3750 sine
275 3684 377 3750 dubio
412 3692 444 3750 et
475 3686 704 3772 explicabatur
738 3690 770 3749 et
793 3683 1017 3768 castigabatur
1051 3684 1086 3748 in
1121 3683 1233 3748 media
1256 3684 1344 3749 inter

180 3797 362 3877 utrumque
386 3793 494 3858 locum
520 3793 675 3878 regioue3
709 3793 796 3856 hanc
820 3797 933 3855 autem
957 3789 1070 3854 Cicero
1094 3791 1130 3855 in
1154 3791 1201 3854 eis
1225 3792 1343 3854 saltem

179 3898 281 3964 libelli
305 3898 465 3984 partibus
491 3921 577 3984 quae
601 3899 691 3964 diem
713 3899 871 3977 tulerunt,
901 3919 969 3962 non
993 3896 1182 3962 adhibebat.

286 4023 403 4109 ltaque
427 4031 601 4089 teneamus
637 4025 810 4105 §ao—33
843 4030 958 4089 contra
992 4021 1157 4107 principia
1189 4021 1343 4107 Chrysip-

179 4151 262 4217 pcae
286 4131 454 4197 doctrinae
479 4131 620 4196 directas
644 4152 725 4209 esse,
749 4132 771 4216 ξ
797 4132 903 4196 1---20
926 4136 1041 4195 contra
1065 4129 1214 4194 eiusdem
1238 4135 1342 4214 poste-

178 4238 281 4304 riores
304 4244 424 4324 partes.
