3274 5434
779 337 976 402 ..8-

299 557 365 622 que
388 536 547 620 ignavam
572 535 735 600 rationem
759 540 875 598 contra
888 532 1014 598 Stoicos
1039 532 1160 599 dietam
1186 553 1257 598 esse
1281 528 1462 596 contendit.

300 642 365 708 Sed
381 643 511 720 rectius,
525 648 561 706 ut
579 641 662 705 mihi
679 639 815 726 quidem
833 640 975 718 videtur,
992 642 1095 706 verba
1109 662 1190 719 „nee
1205 661 1267 705 nos
1282 637 1463 724 impediet‘

299 750 463 816 artissime
487 770 564 814 eum
599 748 771 814 enuntiato
802 754 992 833 antegresso
1025 749 1204 824 coniuncta
1236 747 1283 812 ita
1306 746 1463 830 interpre-

300 856 462 923 tabimur:
487 856 557 921 Nec
581 877 641 920 nos
664 855 788 940 ignava
810 855 893 919 ratio
917 855 1085 940 impediet,
1110 855 1291 941 quominus
1315 853 1462 918 Stoicum

299 962 398 1030 illud:
412 984 511 1028 omne
524 962 735 1028 enuntiatum
744 969 802 1026 aut
809 983 927 1027 verum
940 983 1011 1027 esse
1023 969 1081 1027 aut
1092 963 1214 1028 laisum
1225 955 1264 1010 ὲ·
1274 960 1462 1046 probemus

302 1070 430 1148 Quodsi
442 1091 560 1135 verum
572 1075 630 1147 est,
648 1069 739 1154 quod
752 1069 863 1134 statim
876 1068 1011 1149 docebo
1030 1069 1170 1134 dubium
1188 1075 1297 1148 restat,
1315 1089 1463 1152 quanam

304 1177 344 1242 de
368 1199 469 1242 causa
491 1177 614 1262 ignava
638 1176 720 1241 ratio
745 1176 963 1241 Academicos
995 1199 1064 1241 non
1092 1177 1262 1262 impediat,
1288 1182 1400 1240 utrum
1425 1197 1465 1240 ea

302 1285 343 1350 de
377 1305 487 1361 causa,
530 1283 610 1368 quia
645 1304 713 1348 non
754 1283 825 1348 iure
857 1283 974 1348 Stoicis
1009 1284 1065 1348 illa
1095 1284 1265 1363 obiciatur,
1302 1305 1345 1348 an
1369 1305 1464 1369 prop-

302 1398 400 1470 terea,
432 1391 521 1475 quia,
547 1390 676 1455 etiamsi
708 1396 822 1454 contra
852 1390 978 1455 Stoicos
1001 1391 1110 1457 valeat
1132 1397 1232 1476 atquc
1257 1391 1304 1456 eis
1327 1390 1465 1476 quidem

303 1506 389 1564 recte
414 1498 495 1564 vitio
519 1503 677 1575 vertatur,
702 1503 815 1562 tamen
839 1497 873 1562 in
897 1498 1115 1564 Academicos
1139 1520 1206 1563 non
1230 1498 1347 1564 valeat.
1399 1499 1465 1563 Du·

303 1606 423 1693 plioem
447 1605 549 1690 igitur
573 1611 684 1670 noster
707 1605 798 1669 locus
822 1603 968 1670 admittit
1000 1605 1263 1691 explicationem.
1313 1606 1465 1682 Quarum

304 1735 388 1789 eam,
422 1733 525 1797 quam
553 1712 769 1796 posteriorem
800 1712 973 1796 posuimus
1005 1711 1117 1802 (ἀργὸν
1149 1715 1243 1796 λόγον
1276 1713 1405 1777 etiamsi
1430 1712 1466 1776 in

305 1819 431 1884 Stoicos
448 1818 565 1896 valeat,
581 1818 616 1882 in
633 1825 758 1883 ceteros
775 1840 843 1883 non
859 1820 980 1907 valere)
996 1820 1115 1886 falsam
1132 1842 1202 1885 esse
1223 1820 1464 1906 intellegemus,

305 1927 332 1992 si
366 1925 484 2011 capitis
508 1925 592 1989 XIII
634 1925 845 1990 enuntiatum
878 1927 1064 1992 secundum
1105 1927 1338 2012 spectabimus
1371 1927 1465 1992 ouius

305 2055 422 2098 sensns
446 2033 500 2097 hic
525 2053 595 2097 esse
619 2032 700 2096 mihi
718 2032 866 2098 videtur:
893 2035 1055 2100 rationem
1078 2035 1246 2120 ignavam,
1272 2035 1299 2100 si
1323 2055 1390 2119 qua
1414 2033 1464 2111 sit,

305 2162 373 2204 non
390 2139 499 2204 solum
516 2138 679 2222 pertinere
697 2139 821 2218 edoce,
840 2141 898 2224 qui
914 2141 1021 2206 latum
1037 2149 1174 2228 ponant,
1191 2143 1210 2206 i.
1229 2163 1255 2206 e.
1274 2140 1316 2206 ad
1329 2141 1464 2217 Stoicos

306 2245 363 2312 sed
387 2246 488 2311 etiam
511 2245 554 2309 ad
579 2246 720 2330 eosqui
743 2247 811 2310 lato
828 2253 860 2311 et
883 2248 1085 2333 sempiterna
1106 2249 1188 2313 serie
1205 2270 1381 2313 causarum
1397 2270 1466 2313 non

306 2352 453 2438 probatis
476 2351 511 2416 id
535 2358 666 2416 tantum
683 2358 858 2418 autument
880 2376 1015 2419 omnem
1033 2377 1113 2434 rem,
1138 2377 1224 2440 quae
1248 2377 1282 2420 re
1306 2375 1385 2422 vera
1401 2355 1465 2420 effi-

307 2459 422 2537 ciatur,
448 2459 490 2524 ab
514 2459 708 2523 aeternitate
732 2480 845 2524 veram
872 2482 950 2527 esse.
999 2462 1098 2538 Quod
1129 2484 1206 2528 oum
1230 2462 1368 2547 abipso
1393 2463 1465 2526 Car-

307 2565 413 2632 neade
447 2565 614 2630 enuntiari
636 2565 829 2645 viderimus,
860 2568 942 2634 haec
973 2570 1146 2648 sententia,
1172 2591 1257 2655 quae
1282 2570 1399 2654 incipit
1422 2570 1464 2635 ab

311 2673 425 2752 „Licet
448 2672 581 2750 etianr“,
606 2657 689 2736 nihil
713 2673 804 2738 aliud
828 2673 890 2740 sibi
914 2676 988 2741 vult
1010 2676 1074 2740 nisi
1098 2677 1178 2742 hoc:
1206 2677 1323 2755 „Ratio
1341 2677 1464 2761 ignava

307 2801 385 2844 oum
417 2779 464 2843 ita
493 2779 665 2844 immutari
689 2781 802 2864 possit,
828 2787 955 2846 utnon
979 2783 1088 2848 solum
1115 2791 1240 2870 spectet
1263 2783 1306 2848 ad
1330 2783 1465 2860 Stoicos

308 2884 365 2952 sed
389 2885 489 2950 etiam
513 2884 555 2950 ad
579 2886 660 2950 alios
685 2887 910 2975 philosophos
942 2891 1024 2975 quin
1054 2892 1154 2956 etiam
1184 2891 1226 2955 ad
1251 2890 1466 2968 Carneadem,

307 3015 376 3058 non
391 2992 463 3056 iure
481 2991 609 3058 Stoicae
626 2993 795 3059 doctrinae
811 2997 1022 3081 opponitur‘.
1056 2997 1315 3063 Concedendum
1331 2996 1468 3083 quidem

309 3105 359 3166 cst
375 3099 596 3179 enuntIatum,
614 3099 654 3164 de
668 3123 734 3185 quo
747 3103 888 3186 agimus,
903 3124 979 3168 cum
993 3126 1041 3184 eo,
1059 3105 1149 3190 quod
1162 3104 1335 3184 antecedit,
1350 3126 1469 3190 parurn

308 3212 396 3271 arcte
413 3226 483 3270 esse
500 3206 724 3272 coniunctum.
758 3209 845 3274 Nam
861 3211 952 3274 hunc
968 3213 1035 3276 lere
1053 3211 1204 3277 ordinem
1229 3212 1469 3278 sententiarum

309 3318 555 3398 exspectamus:
583 3315 684 3379 Recte
708 3316 791 3380 ratio
815 3318 872 3382 illa
883 3318 1007 3401 ignaua
1030 3321 1204 3386 nominata
1227 3326 1276 3386 est
1299 3341 1386 3405 quae
1403 3341 1468 3383 om·

308 3441 386 3484 nem
410 3419 504 3483 tollat
526 3421 698 3487 actionem.
749 3423 832 3489 Sed
864 3426 1091 3491 iniustum
1125 3434 1191 3492 est
1223 3428 1300 3492 uni
1333 3428 1468 3512 Chry-

309 3525 440 3611 sippo
474 3547 564 3590 earn
598 3529 791 3596 obicere.
849 3533 940 3598 Licet
972 3535 1072 3598 etiam
1095 3536 1141 3600 ita
1173 3557 1246 3600 eam
1281 3536 1468 3612 immutare,

309 3638 346 3697 ut
375 3632 410 3696 in
435 3632 640 3700 Carneadem
665 3659 799 3724 quoque
824 3641 940 3706 valeat.
994 3643 1060 3718 Qui
1088 3643 1329 3708 sententiarum
1352 3663 1468 3719 nexus,

310 3739 383 3818 etsi,
411 3745 448 3803 ut
470 3740 540 3825 agit
563 3745 775 3830 neglegenter
799 3748 833 3812 in
857 3748 920 3814 hoc
945 3749 1054 3815 libello
1079 3750 1202 3829 Cicero,
1228 3773 1295 3815 non
1319 3757 1470 3815 accurate

313 3867 488 3930 expressus
513 3857 570 3926 est,
596 3850 740 3918 dubitari
764 3861 877 3920 tamen
901 3857 1027 3942 nequit,
1052 3859 1136 3943 quin
1159 3858 1272 3922 Cicero
1297 3864 1471 3943 propterea

309 3953 468 4038 ignavam
484 3956 646 4022 rationem
660 3960 777 4026 Stoicis
794 3963 992 4048 exprobrare
1009 3987 1077 4029 non
1094 3965 1244 4040 voluerit,
1262 3965 1342 4050 quia
1355 3964 1470 4032 eodem

309 4059 381 4124 iure
405 4060 503 4126 etiam
530 4066 692 4132 Carneadi
717 4069 908 4154 exprobrari
933 4073 1045 4156 possit.
1450 4067 1453 4079 ⁶

419 4201 642 4264 Confirmatur
673 4205 786 4263 autem
817 4198 898 4263 haec
930 4219 1006 4262 mea
1034 4202 1199 4264 sententia
1222 4199 1338 4284 primis
1361 4197 1471 4264 verbis

311 4307 512 4394 paragraphi
536 4309 594 4372 31:
622 4305 830 4385 „Carneades
856 4327 962 4391 genus
985 4307 1049 4371 hoc
1080 4312 1186 4371 totum
1219 4328 1287 4370 non
1311 4305 1472 4390 probabat

314 4422 346 4482 et
358 4415 459 4480 nimis
474 4413 717 4480 inconsiderate
728 4412 881 4478 concludi
892 4413 980 4477 hanc
994 4413 1156 4478 rationem
1173 4413 1322 4498 putabat.
1356 4413 1471 4499 Itaque

311 4521 484 4609 premebat
499 4522 563 4587 alio
582 4521 680 4586 modo
705 4541 785 4584 nee
813 4521 952 4586 ullam
977 4521 1229 4586 adhibebat
1252 4521 1471 4586 calumni-
