3274 5434
640 336 949 414 -57-,

272 529 353 597 Tres
377 531 480 618 igitur
504 531 687 598 sententiae
711 532 808 598 nobis
831 538 1027 598 occurrunt:

271 639 345 704 Pri
355 662 390 703 m
400 662 423 705 u
434 663 468 704 m
485 639 763 717 adversariorum,
780 641 839 725 qui
856 661 894 704 eo
907 639 1071 705 deducere
1084 639 1219 705 student
1231 639 1331 725 Chry-

168 746 314 832 sippum,
340 753 377 811 ut
393 746 434 812 de
451 747 555 812 libera
577 747 749 813 voluntate
773 747 918 830 desistat.
965 734 1057 812 Inter
1079 747 1140 812 hos
1165 768 1244 812 saue
1268 747 1333 811 fuit

167 853 367 932 Carneades;
393 875 473 919 narn
497 855 622 940 optime
656 875 733 919 curn
765 855 882 919 ceteris
906 854 977 919 eius
1012 854 1142 939 placitis
1166 854 1332 932 convenit,

167 960 257 1046 quod
282 965 301 1040 ξ
325 961 384 1026 4οε
411 962 500 1039 „Qui
524 955 637 1026 autem
662 1001 703 1010 -
728 961 913 1047 supplicia“
939 962 1126 1047 exponitur.

273 1067 447 1132 Deinde
471 1068 661 1154 Chrysippi,
686 1068 744 1153 qui
769 1069 877 1134 causis
901 1068 1066 1154 bipartitis
1091 1067 1233 1132 liberum
1249 1067 1332 1132 arbi·
1386 1069 1388 1074 ’

166 1175 268 1240 trium
292 1197 326 1240 se
358 1182 569 1241 servaturum
605 1197 675 1240 esse
699 1182 820 1260 sperat.
869 1176 950 1240 Eius
985 1175 1099 1262 opinio
1133 1175 1177 1261 ἐξ
1199 1174 1332 1239 41-43

166 1289 319 1347 enarrata
344 1289 402 1360 est,
427 1281 551 1368 quibus
572 1281 806 1372 paragraphis
830 1289 945 1347 contre
968 1282 1150 1347 Carneadis
1174 1281 1332 1347 conclusi-

165 1410 246 1454 ones
271 1397 407 1474 pugnat,
433 1411 519 1474 quae
555 1389 688 1454 valeant
711 1389 746 1453 in
771 1411 826 1453 eos
851 1396 993 1468 tanturn,
1019 1390 1077 1474 qui
1102 1389 1188 1454 solas
1212 1389 1331 1474 princi·

165 1496 257 1582 pales
281 1517 398 1561 causas
422 1502 613 1581 agnoscant.

272 1603 479 1668 Tertium
504 1603 697 1668 onniunctio
722 1603 964 1667 sententiarum
985 1601 1254 1668 antecedentium
1279 1603 1334 1690 (βξ

166 1712 211 1774 44
235 1717 268 1776 et
290 1710 355 1798 45),
380 1731 492 1796 quarn,
518 1711 545 1775 si
581 1715 669 1775 recte
692 1709 820 1775 Gercke
843 1709 937 1787 vidit,
963 1732 1003 1774 ex
1027 1711 1194 1775 Antiocho
1218 1711 1332 1776 Cicero

165 1817 287 1883 hausit.

271 2030 369 2095 Addo
406 2027 458 2114 (de
496 2053 564 2116 qua
600 2053 634 2096 re
672 2032 780 2096 Bruns
813 2053 867 2095 me
899 2030 1332 2116 rnonuit)eande1nChry·

166 2137 254 2224 sippi
291 2138 615 2223 argumentationem
640 2137 674 2224 (ξ
698 2138 842 2225 41-43)
876 2137 989 2202 referri
1024 2137 1125 2201 etiarn
1160 2136 1201 2201 ab
1237 2137 1331 2201 Alex·

165 2245 272 2310 andro
309 2244 564 2330 Aphrodisiensi
598 2266 624 2310 c.
654 2246 703 2323 13,
739 2246 914 2330 p.,181‚13
948 2267 1031 2328 sqq,
1056 2244 1167 2308 verbis
1195 2243 1332 2328 quidem

164 2360 233 2418 tarn
262 2351 403 2418 diversis
429 2374 450 2416 a
476 2351 644 2429 Cicerone,
673 2358 711 2417 ut
737 2353 846 2438 primo
880 2339 1017 2437 aspectu
1041 2350 1098 2417 vix
1140 2351 1208 2415 ulla
1243 2351 1330 2414 simi-

165 2459 273 2524 litudo
313 2459 400 2524 inter
449 2465 630 2543 utrumque
682 2458 868 2524 intecedere
916 2457 1079 2524 videatur.
1140 2456 1332 2522 Alexander

166 2567 257 2630 enim
286 2566 406 2631 Stoicis
440 2565 597 2643 obicione,
633 2585 719 2650 quae
748 2569 790 2633 δι’
824 2569 917 2653 ἡμῶν
947 2566 1039 2644 fiant,
1075 2585 1131 2628 eos
1166 2565 1214 2652 ἐφ’
1253 2567 1330 2651 ἡμῖν

165 2673 344 2758 appellare,
391 2673 438 2737 ita
477 2672 625 2737 disserit:
662 2675 735 2740 ἐπεὶ
769 2675 842 2761 γάρ,
885 2694 995 2760 φασιν,
1034 2679 1100 2738 τοῖν
1146 2667 1248 2739 ὄντων
1296 2699 1330 2737 τε

165 2792 222 2848 καὶ
250 2793 430 2867 γινομένων
465 2787 500 2847 αἱ
536 2779 644 2860 priests
680 2786 792 2869 ἕτεροί
820 2791 932 2846 τεκαὶ
957 2780 1180 2867 ὄνοὶφοροι...,
1204 2791 1330 2862 γίνεται

165 2890 201 2956 δὲ
235 2889 276 2954 τοὶ
312 2891 365 2975 ὑφ’
403 2885 540 2955 ἑκάστου
571 2889 728 2972 γινόμενα
765 2886 851 2954 κακοὶ
887 2885 947 2973 τήν
982 2893 1106 2953 οἰκείαν
1141 2887 1244 2971 φύσιν,
1287 2885 1329 2952 τοὶ

163 3003 224 3079 μὲν
247 2992 312 3063 oni
337 2999 435 3062 λίθου
458 2995 543 3060 κακοὶ
568 2995 628 3080 τήν
651 2997 759 3071 λίθου,
791 2995 832 3060 τοὶ
858 2996 885 3060 δ’
918 2989 986 3060 dne
1019 2994 1122 3079 πυρὸς
1153 2995 1237 3060 κακοὶ
1270 2995 1330 3078 τήν

164 3104 276 3192 πυρός,
301 3113 355 3168 καὶ
379 3097 421 3167 roi
445 3097 512 3167 oni
539 3103 621 3190 ζῴου
644 3097 730 3167 κακοὶ
754 3102 814 3188 τήν
839 3102 931 3191 ζῴου,
958 3099 1054 3168 οὐδὲν
1076 3108 1138 3185 μὲν
1153 3097 1220 3166 ταῖν
1243 3101 1328 3166 κακοὶ

163 3205 224 3295 τήν
248 3215 373 3276 οἰκείαν
396 3210 491 3294 φύσιν
515 3210 568 3293 rip’
593 3210 729 3275 ἑκάστου
752 3220 931 3292 γινομένων
953 3205 1132 3274 δύνασθαί
1152 3227 1252 3293 φασιν
1276 3205 1330 3272 ἄ).-

162 3317 224 3394 λως
260 3313 354 3401 ἔχειν,
392 3318 465 3382 ἀλλ’
503 3321 639 3382 ἕκαστον
674 3321 741 3382 τοῖν
763 3327 941 3400 γινομένων
963 3317 1019 3382 ὑπ’
1045 3313 1155 3381 αὐτῶν
1177 3321 1329 3396 γίνεσθαι

162 3433 487 3511 κατηναγκασμένος.
548 3422 591 3486 Et
614 3444 644 3507 p.
675 3422 783 3497 1827:
827 3422 898 3489 πᾶν
919 3420 982 3509 γοέρ
1008 3425 1091 3510 ζῷον
1115 3424 1156 3495 οἷς
1181 3424 1264 3510 ζῴον
1287 3448 1330 3486 κι·

163 3531 318 3615 νούμενον
341 3537 507 3596 κινεῖσθαι
542 3529 601 3616 τὴν
632 3535 712 3595 καθ’
737 3527 840 3615 ὅρμὴν
863 3542 987 3615 κίνησιν
1010 3526 1077 3594 ent
1102 3534 1157 3614 τῆς
1181 3533 1329 3616 εἱμαρμέ-

162 3663 218 3723 νης
244 3636 300 3703 daei
327 3639 409 3726 ζογόο
432 3647 614 3722 γινομένην.

268 3743 385 3828 Itaque
418 3763 535 3806 ornnes
571 3764 622 3808 res
647 3764 689 3822 „a
723 3743 791 3807 iato
816 3764 875 3827 per
909 3741 1081 3806 hominem
1106 3742 1158 3806 vel
1181 3743 1328 3806 animal“

161 3851 256 3927 fiunt,
280 3849 302 3915 i.
327 3870 354 3914 e.
379 3855 534 3915 movetur
566 3849 703 3934 quidem
738 3871 790 3914 res
825 3851 903 3925 fato,
929 3848 1042 3934 perfici
1076 3853 1190 3912 autem
1212 3849 1329 3934 nequit

160 3957 228 4022 nisi
244 3962 358 4022 nostra
373 3957 447 4042 ipsa
462 3963 583 4020 natura
598 3954 784 4020 accedente.
831 3955 934 4018 Plane
949 3954 1053 4038 igitur
1068 3953 1185 4018 eadem
1202 3955 1327 4020 ratione

161 4062 251 4149 apud
274 4063 469 4128 Ciceronem
493 4061 701 4147 Chrysippus
728 4083 748 4126 a
771 4063 839 4125 iato
863 4061 1033 4146 proximas
1057 4067 1190 4126 tantum
1214 4082 1326 4125 rerum

161 4191 279 4236 causas
302 4170 448 4256 pendere
470 4167 651 4247 contendit,
677 4190 763 4254 quae
787 4173 825 4232 ut
850 4169 1015 4253 perfectae
1041 4168 1117 4246 sint,
1152 4167 1328 4253 principali

160 4283 192 4343 et
224 4278 371 4362 perfecta
404 4298 515 4354 causa,
546 4275 613 4340 soil.
638 4274 785 4342 hominis
808 4274 990 4353 voluntate,
1025 4273 1206 4360 indigeant.
1265 4274 1325 4361 (Ci.

163 4382 255 4470 quod
277 4385 321 4470 ἓξ
344 4385 387 4448 42
411 4389 444 4450 et
465 4384 508 4447 43
533 4381 670 4449 adhibet
693 4382 886 4468 exemplum
910 4382 1074 4470 cylindri).

586 4599 901 4607 ——-—-—
