3274 5434
779 423 998 490 ..18-

304 630 415 690 scente
441 630 473 690 et
496 622 655 688 animalia
688 627 842 687 crescunt
864 619 918 686 vel
953 618 1150 684 decrescunt
1172 623 1205 681 et
1227 621 1338 682 aestus
1367 614 1469 678 maris

304 731 467 798 accedunt
491 731 560 797 sive
585 735 750 808 remeant;
776 727 868 794 haud
891 749 986 793 secus
1010 747 1079 791 una
1102 746 1179 790 curn
1196 730 1271 789 ortu
1295 731 1328 790 et
1350 744 1469 801 occasu

305 839 476 904 stellarum
498 839 610 905 variae
634 837 668 902 in
694 847 768 902 aere
792 837 878 900 fiunt
900 834 1117 899 mutationes.

414 944 546 1021 Quibus
559 943 720 1029 exemplis
733 942 903 1007 simillima
915 962 954 1006 ac
968 961 1010 1005 ex
1028 946 1121 1027 parte
1138 940 1237 1026 plane
1252 937 1368 1004 eadem
1393 944 1471 1003 sunt

305 1074 354 1131 ea,
370 1073 457 1137 quae
480 1051 595 1116 Cicero
611 1049 687 1116 libri
703 1051 753 1115 De
777 1049 982 1114 divinatione
999 1048 1079 1113 locis
1095 1047 1238 1112 laudatis
1255 1046 1336 1133 (II§
1351 1047 1394 1111 33
1404 1068 1469 1143 sq„

264 1169 266 1174 ’
306 1160 328 1246 ξ
355 1160 428 1247 142)
460 1164 592 1224 enarrat
615 1165 715 1243 atque
750 1157 953 1242 comprobat.
1010 1156 1150 1233 Quibus.
1190 1155 1352 1241 quoniam
1387 1133 1470 1218 nihil

306 1269 375 1331 iere
411 1267 490 1333 novi
520 1265 690 1350 praebent,
719 1264 961 1351 praetermissis
983 1263 1049 1342 illa,
1067 1285 1153 1349 quae
1177 1264 1213 1328 in
1230 1263 1313 1328 libro
1330 1263 1380 1326 De
1403 1262 1470 1327 fato

309 1374 331 1460 ξ
355 1375 375 1438 5
398 1373 627 1456 inveniuntur,
652 1379 908 1458 perscrutemur,
933 1378 1047 1436 utrum
1063 1371 1265 1438 conveniant
1288 1391 1365 1436 cum
1390 1369 1471 1434 noti·

310 1502 373 1546 one
389 1489 446 1570 τῆς
470 1488 694 1567 συμπαθείας,
719 1479 854 1566 qualem
877 1479 997 1544 Sextus
1021 1478 1187 1558 describit,
1212 1499 1326 1544 necne.

413 1588 630 1674 Antipatrum
662 1593 806 1673 poetam,
841 1608 942 1671 quem
977 1587 1125 1671 primum
1160 1586 1274 1652 Cicero
1310 1586 1416 1663 affert,
1441 1589 1473 1649 et

309 1696 439 1762 Plinius
478 1695 585 1760 maior
620 1695 707 1782 (hist.
743 1700 811 1760 nat.
849 1694 914 1759 VII
949 1692 1004 1781 51)
1042 1698 1075 1758 et
1114 1693 1267 1759 Valerius
1304 1692 1472 1757 Maximus

307 1803 335 1890 (Ι
359 1804 447 1886 8,)6)
479 1824 547 1867 uno
571 1809 671 1888 atque
696 1808 784 1868 certo
818 1801 982 1886 cuiusque
1017 1801 1098 1865 anni
1130 1807 1289 1886 tempore,
1327 1800 1394 1865 scil.
1420 1799 1473 1864 die

313 1910 427 1986 natali,
451 1909 589 1976 tradunt
611 1909 696 1975 febri
720 1931 791 1974 esse
815 1915 1014 1994 correptum.
1062 1908 1170 1973 Simul
1192 1907 1295 1992 igitur
1317 1906 1474 1973 accidunt

309 2017 394 2083 duae
412 2039 473 2096 ree,
492 2024 525 2082 et
540 2016 642 2084 febris
658 2022 691 2081 et
706 2017 777 2082 dies
793 2016 923 2094 natalis,
948 2036 1035 2100 quae
1058 2037 1100 2081 ne
1124 2014 1305 2080 minimum
1336 2014 1472 2100 quidem

309 2125 496 2190 consentire
519 2124 685 2190 videntur.

416 2231 544 2296 Eodem
567 2230 668 2296 modo
692 2231 792 2296 etiam
815 2231 852 2294 in
875 2230 977 2295 altero
1001 2229 1154 2315 exemplo
1174 2229 1312 2294 morbus
1336 2229 1474 2314 quidam

310 2338 347 2425 (e.
373 2361 404 2424 g.
430 2338 552 2424 frigida
574 2338 685 2417 febris,
710 2345 748 2403 ut
771 2337 950 2402 Turnebus
972 2337 1220 2422 interpretatur)
1252 2335 1330 2402 inde
1365 2357 1474 2402 conse-

311 2453 408 2511 cutus
433 2467 504 2511 esse
528 2445 670 2524 videtur,
696 2445 786 2531 quod
810 2444 949 2528 quidam
974 2444 1127 2509 homines
1149 2444 1260 2509 hieme
1276 2444 1346 2509 nati
1371 2450 1474 2522 erant,

310 2555 357 2618 ita
381 2559 417 2617 ut
440 2574 547 2618 nexus
572 2559 731 2638 appareat
755 2552 841 2642 inter
865 2551 1020 2616 morbum
1044 2557 1077 2616 et
1098 2557 1232 2638 tempus
1261 2550 1430 2617 nascendi.

418 2659 628 2737 Quibuscum
653 2659 814 2745 exemplis
838 2658 995 2724 convenit
1020 2658 1102 2724 ratio
1126 2659 1223 2737 tertii,
1249 2658 1340 2744 quod
1364 2664 1413 2724 est
1436 2657 1477 2722 de

311 2765 560 2852 aegrotantibus
595 2766 762 2833 fratribus.
810 2766 932 2830 Narrat
966 2765 1056 2830 enim
1092 2765 1303 2850 Augustinus
1336 2764 1389 2851 (de
1413 2765 1475 2831 civ.

313 2874 366 2940 dei
391 2872 455 2961 21))
479 2873 563 2938 duos
587 2874 750 2952 homines,
776 2873 834 2958 qui
859 2893 990 2957 semper
1021 2871 1136 2938 eodem
1161 2879 1309 2958 tempore
1333 2878 1477 2958 aegrota-

312 2982 430 3059 verint,
468 2981 710 3066 Hippocratem
745 2980 897 3065 geminos
933 3001 1003 3044 esse
1038 2980 1223 3058 censuisse;
1261 2979 1478 3045 Posidonium

313 3094 426 3154 autem
450 3089 537 3153 hanc
562 3089 773 3153 fortunarum
797 3086 1052 3152 similitudinem
1076 3087 1240 3152 rettulisse
1270 3086 1313 3152 ad
1337 3085 1477 3152 carrdem

314 3196 586 3262 constitutionem
610 3202 785 3272 astrorum,
810 3215 879 3279 qua
902 3194 972 3258 nati
989 3199 1107 3258 essent.
1155 3195 1231 3258 Non
1248 3195 1398 3279 sequitur
1421 3194 1478 3278 igi-

313 3310 369 3370 tur
392 3302 528 3368 morbus
553 3324 594 3366 ex
616 3303 830 3368 collocatione
855 3300 1012 3378 siderum,
1037 3300 1096 3366 sed
1128 3307 1160 3366 ot
1190 3301 1327 3366 morbus
1351 3308 1383 3366 et
1405 3323 1479 3366 con·

315 3409 456 3476 stellatio
493 3430 552 3494 per
587 3410 820 3494 contagionem
853 3408 1032 3473 coniuncta
1067 3415 1154 3486 sunt,
1189 3430 1292 3494 quem
1314 3429 1478 3474 conexum

315 3522 447 3582 nostrae
471 3517 575 3581 menti
597 3516 776 3583 obscurum
801 3521 833 3580 et
855 3515 1006 3580 medicus
1030 3521 1062 3580 et
1085 3515 1305 3602 philosophus
1336 3514 1479 3580 enodare

316 3629 489 3690 conantur.

425 3730 525 3808 Quod
549 3730 693 3816 denique
727 3736 941 3796 enumeratur
965 3731 1158 3816 exemplum
1182 3729 1223 3796 de
1246 3730 1344 3796 urina
1367 3736 1399 3796 et
1421 3752 1480 3795 un-

315 3839 438 3926 guibus
461 3838 508 3904 ita
531 3838 792 3923 intellegendum
816 3844 874 3914 est,
892 3844 939 3916 ut,
964 3858 1042 3903 cum
1058 3836 1194 3923 aliquod
1211 3839 1357 3924 corporis
1380 3861 1481 3904 mem·

316 3946 416 4014 brum
439 3944 556 4010 morbo
590 3943 737 4030 quodam
768 3950 958 4030 correptum
983 3945 1034 4022 sit,
1067 3945 1166 4009 simul
1198 3944 1298 4010 etiam
1329 3947 1427 4011 urina
1450 3951 1482 4010 et

318 4074 448 4138 ungues
472 4051 589 4116 morbo
612 4051 685 4137 ipso
721 4051 857 4136 quidem
880 4051 1020 4116 minime
1055 4054 1175 4118 affecta
1207 4054 1403 4140 contagione
1427 4075 1481 4118 na-

318 4149 411 4206 turae
435 4143 482 4206 ita
504 4146 686 4219 mutentur,
711 4147 748 4204 ut
773 4147 805 4205 et
820 4141 1036 4208 advenientes
1054 4148 1086 4206 et
1108 4142 1376 4226 ingravescentes
1400 4163 1481 4207 mor-

318 4248 377 4314 bos
400 4246 521 4313 medici
546 4269 587 4312 ex
610 4247 794 4312 mutatione
819 4269 934 4313 eorum
958 4248 1133 4334 providere
1157 4248 1293 4334 possint.
1310 4250 1333 4336 ¹)

426 4531 507 4596 1)(11.
527 4533 635 4587 Celsum
654 4533 686 4587 ΙΙ
705 4550 727 4587 c.
748 4539 789 4586 6.:
819 4533 873 4586 Illa
902 4547 1006 4599 quoque
1036 4534 1130 4590 mortis
1159 4533 1260 4589 indicia.
1280 4543 1351 4606 sunt,
1379 4552 1483 4606 ungues

318 4621 455 4692 digitique
473 4622 579 4691 pallidi,
598 4622 715 4692 frigidus
734 4621 854 4689 spiritus.
874 4621 930 4675 Oia.
967 4622 1010 4676 De
1029 4623 1084 4678 div.
1103 4624 1171 4692 115
1192 4629 1250 4680 142.
