3274 5434
629 383 846 448 ,51-

257 579 328 644 Iam
361 601 440 644 vero
463 580 510 644 ita
532 580 686 646 instructi
709 581 751 645 ad
776 580 851 645 libri
867 581 917 645 Dc
933 581 1001 645 lato
1017 580 1092 665 §41
1110 579 1316 645 accedamus,

150 685 225 750 Hoc
259 686 330 751 loeo
363 687 486 752 iterum
518 687 674 772 bipartito
706 688 937 773 aChrysippo
972 709 1090 752 causas
1125 687 1318 752 distributas

153 814 225 856 esse
249 793 425 858 audimus:
453 794 683 879 „Chrysippus
707 801 829 871 autem,
855 815 933 858 eum
950 801 982 858 et
1006 794 1237 858 necessitatem
1259 794 1317 857 im·

149 899 306 983 probaret
329 908 361 965 et
384 900 467 964 nihil
491 900 590 966 vellet
614 902 685 965 sine
709 901 906 986 praepositis
930 901 1039 966 causis
1060 901 1210 979 evenire,
1245 922 1317 966 oau-

149 1028 263 1070 sarum
287 1029 410 1091 genera
433 1005 618 1090 distinguit,
643 1014 680 1071 ut
704 1015 736 1071 et
760 1009 989 1072 necessitatem
1022 1007 1161 1092 effugiat
1191 1013 1223 1071 et
1247 1007 1318 1072 reti-

148 1120 228 1176 neat
251 1115 367 1176 fatum.
416 1112 602 1177 Causarum
626 1113 730 1193 enim,
766 1115 892 1198 inquit,
927 1114 1009 1179 aliae
1043 1121 1122 1178 sunt
1154 1104 1318 1198 perlectae

148 1227 182 1284 et
206 1219 415 1304 principales,
441 1219 524 1283 aliae
547 1219 746 1285 adiuvantes
770 1227 803 1283 et
825 1220 1028 1304 proximae.“

257 1325 360 1390 Vides
385 1348 493 1410 neque
517 1327 656 1391 nomina
686 1347 864 1391 causarum
897 1326 1014 1391 eadem
1047 1349 1117 1392 esse
1150 1334 1251 1411 atque
1282 1328 1316 1391 in

148 1433 172 1517 ξ
197 1435 239 1496 315
264 1455 373 1518 neque
398 1434 432 1496 in
457 1434 519 1498 hac
543 1434 564 1519 ξ
588 1435 628 1497 41
655 1433 884 1518 distinguendi
911 1450 1034 1498 'sarisas
1058 1435 1198 1498 eandem
1224 1435 1317 1499 ratio·

146 1561 227 1604 nem
252 1541 378 1605 Stoicos
402 1540 559 1606 habuisse
583 1548 684 1626 atque
709 1541 743 1604 in
767 1541 833 1604 illa.
881 1541 969 1606 Tum
994 1543 1094 1618 enim,
1124 1563 1166 1606 ne
1200 1565 1220 1606 a
1243 1543 1317 1606 Car-

145 1649 253 1712 neade
278 1669 379 1712 eausa
402 1669 463 1712 sua
493 1647 692 1712 antecedens
727 1654 827 1732 atque
863 1669 904 1711 ex
938 1648 1131 1712 aeternitate
1167 1648 1317 1733 pendens

145 1754 402 1840 improbaretur,
431 1755 509 1818 huic
544 1775 663 1818 causae
699 1753 804 1840 („sine
828 1776 896 1839 qua
919 1754 1021 1840 norr‘)
1056 1754 1194 1819 alteram
1228 1754 1317 1819 addi-

146 1862 271 1926 derunt
293 1869 394 1946 atque
418 1862 515 1938 hano,
540 1868 706 1945 quantum
730 1861 801 1925 fieri
824 1869 945 1946 posset,
971 1861 1182 1926 Carneadeae
1218 1861 1316 1948 adap-

148 1975 272 2033 tarunt.
310 1969 409 2034 Hane
433 1974 544 2032 eutem
569 1969 646 2053 §41
674 1967 921 2033 distinctionem
947 1988 1123 2032 causarum
1149 1968 1223 2033 ideo
1240 1970 1317 2034 feeit

145 2076 356 2161 Chrysippus
380 2075 496 2161 (ipsius
520 2097 643 2140 nomen
674 2076 821 2151 affertur,
854 2096 957 2159 quere
990 2075 1071 2140 haec
1103 2075 1239 2160 quidem
1271 2075 1315 2140 di·

145 2183 231 2250 visio
255 2182 361 2247 multo
385 2189 461 2246 ante
486 2183 666 2246 Carneadis
690 2189 841 2266 tempora
868 2183 956 2246 laeta
987 2203 1058 2246 esse
1094 2181 1240 2260 videtur3
1274 2185 1315 2248 ef.

144 2297 260 2354 autem
283 2290 305 2374 ξ
328 2291 388 2353 36;
427 2289 606 2366 „interesse
639 2289 767 2374 aiunt‘)
795 2294 853 2366 „ut
888 2282 1120 2353 necessitatem
1156 2291 1317 2374 effugeret

144 2403 179 2461 et
203 2396 358 2460 retineret
380 2396 519 2460 fatumf‘
568 2395 665 2471 Quod
691 2395 738 2460 ita
762 2396 791 2459 ei
815 2395 988 2477 contingit,
1021 2402 1058 2459 ut
1085 2396 1317 2460 necessitatem

144 2502 380 2567 tantummodo
407 2502 647 2586 principalibus
667 2503 776 2567 causis
800 2501 976 2579 adscribat,
1003 2503 1111 2566 iatum
1134 2509 1246 2566 autem
1271 2525 1330 2579 re-v

113 2676 116 2683 ,
143 2617 237 2695 petat
261 2631 277 2674 e
301 2610 410 2674 causis
434 2609 595 2694 proximis
620 2617 653 2674 et
675 2609 923 2674 adiuvantibus.
972 2609 1107 2694 ltaque,
1143 2609 1170 2674 si
1202 2616 1316 2675 nostro

143 2718 217 2782 loeo
241 2717 417 2794 eredimus
443 2716 651 2802 Chrysippus
675 2716 942 2782 adversariorum
975 2717 1084 2780 causis
1117 2715 1315 2801 (principali-

146 2823 235 2908 bus),
261 2845 347 2908 quae
372 2845 449 2887 cum
473 2824 668 2888 necessitate
693 2823 882 2888 efficiebant
905 2845 975 2900 sua,
1000 2844 1043 2887 ne
1073 2830 1208 2888 aeterna
1232 2823 1315 2888 serie

143 2951 322 2996 causarum
348 2936 479 2995 servata
503 2930 689 2994 secundum
713 2929 900 2994 doctrinam
925 2951 1021 2994 suam
1045 2931 1159 2994 omnia
1191 2951 1230 2994 ex
1265 2952 1314 2994 ae-

142 3037 298 3102 ternitate
321 3037 507 3102 necessario
531 3038 657 3112 fierent,
676 3059 802 3102 novum
827 3058 933 3120 genus
951 3059 1128 3102 causarum
1150 3037 1313 3116 adiunxit,

143 3144 235 3230 qnod
260 3166 328 3208 non
352 3166 428 3208 cum
454 3145 649 3209 necessitate
680 3167 731 3208 res
761 3145 922 3218 efficeret,
952 3166 1069 3209 causas
1105 3144 1312 3210 adiuvantes

251 3251 390 3315 Mirilica
425 3250 528 3336 igitur
551 3251 739 3315 differentia
771 3251 946 3316 intercedit
975 3252 1061 3316 inter
1091 3252 1179 3336 §36
1204 3259 1236 3315 et
1259 3253 1312 3330 41,

142 3380 231 3444 (puae
266 3358 451 3443 significare
488 3357 620 3423 videtur
659 3381 729 3423 non
765 3380 805 3422 ex
842 3358 959 3422 eodem
992 3360 1083 3422 fonte
1119 3359 1312 3424 Ciceronem

142 3466 304 3531 hausisse.
352 3466 481 3530 Tamen
515 3465 589 3550 ipsa
624 3487 800 3530 causarum
838 3465 1027 3530 distributio
1063 3471 1204 3550 utroque
1241 3466 1313 3531 loco

142 3574 242 3658 plane
266 3572 383 3637 eadem
407 3580 471 3655 est3
505 3573 588 3636 mihi
622 3572 758 3658 quidem
795 3579 925 3637 constat
959 3593 1076 3636 causas
1112 3573 1312 3658 principales

143 3680 195 3746 vel
222 3681 393 3764 perfectae,
419 3701 506 3764 quae
530 3681 735 3746 necessariae
760 3687 848 3751 sunt,
873 3679 1059 3743 consentire
1084 3701 1161 3744 eum
1192 3681 1310 3759 causis

144 3792 268 3872 „lenuit
292 3787 415 3872 quibus
440 3787 568 3872 aliquid
600 3788 685 3852 ellici
718 3808 852 3852 necesse
884 3786 957 3851 suf*
1009 3787 1189 3872 Utriusque
1222 3787 1312 3851 enim

141 3895 272 3978 generis
297 3915 475 3958 oornnrune
500 3901 549 3958 est
571 3894 615 3958 ad
638 3916 708 3958 rem
731 3893 971 3979 procreandam
994 3894 1146 3958 sufficere
1170 3915 1311 3979 eamque

142 4002 328 4066 necessario
352 4022 533 4086 procreare.
583 4002 708 4066 Earum
734 4023 760 4065 e.
785 4023 816 4084 g.
842 4023 964 4078 rerum,
990 4023 1075 4086 quae
1100 4001 1141 4064 ab
1176 4001 1312 4066 homine

141 4116 332 4186 moventur,
350 4109 535 4192 homoipse
559 4130 660 4173 eausa
684 4108 878 4194 principalis
903 4115 959 4174 ost.
994 4110 1121 4172 (lausae
1138 4108 1310 4192 proximae

141 4223 256 4281 autem
281 4223 313 4280 et
336 4215 544 4292 adiuvantes,
570 4238 666 4301 quae,
691 4214 1235 4301 cumtatumeisattribuatur,1)
1270 4237 1309 4280 ex

252 4412 296 4481 ¹)§
315 4417 365 4467 41.
385 4412 433 4481 „Si
452 4412 542 4466 omnia
560 4413 618 4466 fato
636 4413 711 4481 fiant,
737 4412 813 4479 sequi
829 4411 897 4466 illud
917 4411 1033 4478 quidem,
1053 4422 1085 4464 ut
1108 4411 1197 4464 omnia
1222 4411 1309 4464 causis

139 4505 208 4558 fiant
226 4502 399 4570 antepositis;
421 4517 511 4556 verum
542 4519 594 4557 non
623 4500 816 4570 principalibus
845 4501 933 4555 causis
953 4508 981 4555 et
1004 4499 1139 4568 perlectis,
1167 4501 1212 4552 sed
1236 4499 1309 4554 adiu·

139 4592 268 4650 vantibus
287 4603 315 4646 et
334 4590 488 4662 proximis“.
