3274 5434
628 318 844 384 ..25-

270 517 342 580 lam
366 538 444 583 vero
469 514 591 600 quibus
627 515 766 602 argutiis
790 514 999 600 Chrysippus
1029 515 1184 581 studebat
1206 537 1227 580 a
1250 513 1325 578 Dio·

150 623 241 688 doro
266 646 300 689 se
324 623 472 701 liberare,
498 629 613 707 postea
647 622 847 690 videbimus.
884 623 982 688 Nunc
1007 623 1216 700 examinabo,
1242 621 1324 707 quid

150 731 201 796 de
225 731 370 796 Diodoro
395 731 508 795 Cicero
543 730 748 795 Carneadem
787 736 920 795 secutus
956 731 1155 816 exposuerit.
1212 730 1326 794 Cicero

149 839 270 924 igitur,
295 844 475 924 postquam
496 837 695 904 monstravit
711 837 949 922 Chrysippum,
974 838 1011 915 si,
1037 859 1124 923 quae
1140 859 1158 902 e
1176 836 1326 902 doctrina

151 967 222 1010 sua
257 950 549 1030 consequerentur,
585 951 672 1009 recte
708 945 884 1028 colligeret,
922 944 964 1009 ad
1001 951 1111 1030 partes
1145 943 1327 1010 adversarii

150 1075 230 1118 non
253 1073 350 1137 posse
374 1074 443 1116 non
468 1052 618 1129 transire,
642 1051 789 1118 vicissim
823 1052 930 1137 capite
954 1052 1004 1116 lX
1028 1052 1166 1137 exponit
1189 1050 1327 1116 Diodori

152 1183 174 1225 e
202 1159 353 1224 doctrina
375 1159 514 1224 minime
539 1159 743 1224 consectaria
778 1179 849 1224 esse
886 1160 993 1224 latum
1017 1166 1118 1244 atque
1142 1181 1259 1224 causas
1283 1160 1326 1223 1-

152 1267 243 1332 tales
266 1266 309 1332 ab
333 1267 526 1332 aeternitate
551 1267 756 1331 constitutas.

268 1374 319 1438 De
354 1372 501 1438 Diodoro
536 1380 649 1438 autern
684 1379 814 1458 praeter
842 1373 1036 1438 Ciceronem
1071 1375 1225 1440 certiores
1266 1395 1327 1438 nos

153 1482 290 1547 iaciunt
325 1479 515 1546 Alexander
538 1479 809 1565 Aphrodisiensis
845 1480 880 1544 in
916 1483 1156 1547 commentario
1191 1482 1233 1546 ad
1257 1481 1327 1545 Ari-

155 1589 287 1654 stotelis
311 1586 488 1672 Analytica
511 1587 623 1672 priora
658 1588 701 1671 (p.
731 1587 802 1664 183,
827 1587 870 1651 34
894 1610 967 1673 sqq.
994 1588 1043 1652 ed.
1070 1588 1140 1676 00),
1165 1589 1327 1653 Arn'anus

155 1685 284 1780 (Epist.¹
313 1694 345 1758 ll
374 1693 467 1782 19,l)‚
491 1694 691 1759 Plutarchus
725 1691 777 1772 (de
802 1694 867 1759 Sto.
894 1716 961 1780 rep.
987 1717 1013 1759 c.
1038 1695 1104 1783 46).
1153 1697 1181 1759 Ε
1205 1695 1328 1781 quibus

156 1802 361 1867 Plutarchus
397 1823 457 1866 nos
493 1800 589 1866 docet
624 1801 788 1886 placuisse
811 1801 880 1866 illi:
913 1801 1002 1870 εἶναι
1026 1801 1178 1882 δυνατόν,
1202 1801 1328 1893 11111ρῆ

159 1911 251 1978 ἔστιν
275 1909 400 1994 ὀληθὲς
424 1908 444 1996 ἢ
468 1909 570 1987 ἔσται,
607 1908 698 1993 quod
734 1909 833 1994 plane
869 1910 1025 1974 convenit
1060 1931 1136 1974 cum
1161 1910 1329 1975 Ciceronis

159 2015 275 2082 verbis
298 2016 332 2102 (ξ
358 2015 429 2103 13):
470 2016 549 2094 „llle
585 2016 674 2080 enim
698 2015 733 2079 id
757 2015 864 2080 solum
901 2017 971 2081 fieri
995 2039 1092 2102 posse
1117 2017 1205 2096 dicit,
1238 2017 1329 2103 quod

160 2130 222 2188 aut
246 2123 289 2188 sit
310 2145 428 2189 verum
453 2129 511 2187 aut
527 2124 678 2187 futurum
704 2123 746 2187 sit
762 2144 909 2199 verum‚<‹
946 2123 966 2186 i.
993 2145 1019 2188 e.
1046 2124 1137 2209 quod
1158 2131 1216 2189 aut
1239 2146 1329 2190 nuno

160 2233 222 2295 liat
259 2236 317 2295 aut
352 2236 467 2315 postea
502 2231 653 2294 luturum
690 2229 740 2293 sit.
798 2229 898 2305 Quod
931 2232 1143 2296 enuntiatum
1176 2231 1330 2296 firmabat

161 2337 383 2423 philosophus
408 2336 616 2402 nobilissima
639 2336 694 2400 illa
728 2338 1027 2421 argumentatione,
1063 2360 1149 2423 quae
1173 2339 1329 2424 imposito

161 2446 301 2510 nomine
325 2447 526 2536 κυριεύοντος
561 2444 666 2508 multa
701 2466 760 2529 per
795 2444 927 2509 saecula
962 2446 1157 2510 auctoritate
1181 2445 1329 2510 florebat.

161 2553 205 2616 ln
223 2574 299 2637 qua,
325 2558 363 2616 ut
379 2553 550 2637 Epictetus
567 2551 677 2628 tradit,
696 2551 916 2636 proficiscitur
931 2573 951 2616 a
975 2552 1106 2618 duobus
1125 2553 1328 2638 praeceptis:

165 2681 297 2738 „omne
316 2659 405 2744 qnod
424 2659 640 2745 praeterierit,
654 2657 878 2724 necessarium
893 2666 984 2724 esse“
1004 2656 1086 2746 (πᾶν
1098 2659 1332 2748 παρεληλυθὸς

162 2760 291 2854 <traca
315 2760 500 2850 α’ναγκαῖον
524 2770 624 2842 εἶναι)
662 2772 694 2830 01
730 2787 791 2843 „ex
816 2787 864 2842 00,
902 2765 992 2851 quod
1016 2766 1086 2831 fieri
1110 2767 1223 2852 possit,
1248 2788 1330 2831 nun-

162 2897 267 2956 quam
302 2874 460 2960 consequi
496 2873 692 2959 quidquam,
729 2874 783 2938 cui
818 2873 888 2938 fieri
923 2896 991 2939 non
1028 2873 1144 2938 liceat“
1182 2877 1331 2962 (δυνατῷ

163 2983 332 3052 ἀδύνατον
360 2983 404 3068 μή
430 2983 650 3064 ἀκολουθεῖν).
698 2979 810 3065 Atque
834 3003 874 3044 ex
898 2981 960 3058 his,
985 3002 1071 3066 quae
1093 2981 1133 3046 de
1157 2982 1213 3046 illo
1236 3004 1331 3067 argu·

162 3095 277 3155 mento
303 3089 373 3154 sola
399 3094 588 3173 supersunt,
614 3086 826 3171 argutissime
855 3086 1034 3152 Eduardus
1058 3089 1164 3154 Zeller
1176 3088 1198 3176 ¹)
1233 3089 1330 3154 ratio-

166 3197 369 3263 cinationem
400 3195 579 3280 Chrysippi
611 3194 753 3260 restituit
784 3195 891 3262 hanc:
923 3194 1096 3280 Quidquid
1121 3197 1248 3261 factum
1272 3202 1330 3273 est,

163 3305 357 3370 retroverti
382 3324 420 3369 ao
443 3302 566 3366 mutari
591 3303 716 3388 nequit.
765 3301 883 3387 ltaque
908 3324 948 3366 ex
966 3302 1097 3368 duabus
1122 3303 1221 3368 rebus
1244 3303 1331 3368 inter

164 3433 199 3478 se
223 3411 395 3476 contrariis
420 3408 520 3474 simul
544 3409 647 3474 altera
664 3409 784 3486 evenit,
809 3408 912 3473 altera
936 3409 1088 3475 neniam
1112 3410 1182 3474 fieri
1206 3416 1330 3496 potest3

163 3540 244 3584 nam
277 3516 367 3603 quod
402 3515 571 3602 praeteriit
605 3515 753 3580 vidimus
789 3516 911 3580 mutari
947 3538 1016 3580 non
1047 3537 1153 3600 posse.
1202 3517 1330 3592 Quodsi

162 3625 208 3704 id,
226 3623 316 3710 quod
333 3645 401 3688 non
418 3623 538 3701 evenit,
555 3629 654 3687 antea
670 3623 740 3687 fieri
758 3623 928 3706 potuisset,
946 3644 987 3688 ex
1004 3644 1052 3700 00,
1076 3622 1167 3708 qnod
1184 3626 1330 3693 δυνατόν

164 3738 244 3810 0101,
270 3738 485 3797 consecutum
523 3737 609 3795 esset
631 3728 811 3798 ἀδύνατον.
859 3730 933 3795 Ηο0
967 3736 1080 3794 01110111
1115 3730 1330 3796 nullomodo

164 3838 302 3924 cogitari
327 3843 455 3924 potest3
481 3859 559 3901 nam
579 3840 715 3926 ’δυνατῷ
738 3833 907 3905 ἀδύνατον
930 3839 987 3904 οὐκ
1011 3829 1199 3904 ἀκολουθεῖ.
1249 3837 1330 3902 lnde

165 3947 326 4032 sequitur,
352 3943 442 4030 quod
466 3966 534 4008 non
559 3950 759 4010 eventurum
783 3943 835 4022 sit,
860 3942 896 4008 id
929 3965 1105 4029 nunquam
1140 3951 1238 4008 antea
1262 3945 1331 4009 fieri

164 4053 322 4142 potuisse,
348 4051 405 4116 sed
429 4051 464 4116 id
489 4073 605 4129 unum,
631 4050 722 4135 quod
745 4050 798 4116 vel
822 4071 913 4115 nunc
940 4051 1072 4116 eveniat
1096 4051 1147 4116 vel
1172 4052 1331 4117 00110111-

164 4169 280 4228 turum
314 4159 364 4224 sit.
413 4159 523 4242 Ergo:
556 4159 707 4234 δυνατόν,
733 4157 815 4248 ὅπερ
838 4157 859 4244 ἢ
882 4157 970 4225 ἔστιν
993 4151 1118 4246 υἷληθὲς
1143 4154 1162 4244 ἢ
1185 4158 1285 4225 ἔσται.

273 4461 293 4530 ¹)
310 4456 386 4517 Uber
415 4463 466 4516 den
495 4458 626 4532 xoptatum
654 4462 700 4516 des
717 4461 861 4530 Diodorus,
889 4462 917 4515 in
937 4462 1027 4516 relatt.
1048 4478 1086 4514 ac.
1109 4461 1197 4517 Berol.
1221 4465 1287 4516 1882
1306 4479 1331 4529 p.

166 4558 215 4608 151
237 4570 293 4622 sqq.
314 4559 342 4608 et
359 4551 462 4610 Philas.
482 4551 529 4605 der
548 4551 596 4610 Gr.
615 4550 646 4604 II
659 4548 686 4604 a*
723 4567 748 4619 p.
768 4556 819 4603 269
830 4567 887 4617 sqq.
