3274 5434
778 337 997 404 ..10...

304 533 553 600 Schmekelium
575 536 699 620 ignava
722 536 805 601 ratio
830 534 947 600 Stoicis
971 534 1121 612 obicitur,
1150 533 1254 600 verba
1277 533 1351 597 dico
1375 533 1396 618 ξ
1420 533 1462 596 31

305 643 354 722 „si
379 683 420 692 —-
445 644 561 721 fiunt‘,
587 664 731 728 quorum
755 643 809 708 hic
833 644 900 707 lere
925 663 1042 706 sensus
1067 648 1130 707 est:
1158 641 1213 718 „Si
1237 640 1352 706 omnia
1375 645 1464 705 ante·

304 749 498 815 cedentibus
515 750 623 814 causis
650 750 740 827 fiunt,
758 750 872 814 omnia
895 749 1073 814 necessitas
1097 748 1206 813 efficit.
1239 746 1277 811 ld
1302 747 1329 812 si
1345 738 1463 813 verum

303 864 361 935 est,
386 857 470 921 nihil
487 857 584 921 estin
609 863 723 922 nostra
738 863 908 942 potestate.
942 857 1002 921 Est
1018 862 1130 920 autem
1147 855 1273 940 aliquid
1297 855 1333 918 in
1349 860 1464 920 nostra

303 970 471 1050 petestate.
506 965 581 1029 Non
605 964 707 1049 igitur
730 966 797 1028 lato
813 946 899 1028 fiunt
917 984 1137 1048 quaecunque
1160 963 1278 1027 fiunt.“
1310 961 1413 1028 Vides
1428 962 1465 1046 in

303 1071 355 1136 his
379 1070 489 1136 verbis
513 1071 597 1136 nihil
620 1072 784 1156 pertinere
808 1070 851 1136 ad
874 1072 1031 1154 ignavam
1061 1070 1224 1134 rationem
1257 1076 1357 1154 atque
1389 1090 1464 1134 eon·

303 1178 401 1243 fatale
424 1178 517 1256 illud,
543 1200 610 1263 quo
634 1178 842 1264 Chrysippus
865 1199 936 1242 rem
967 1199 1063 1242 suam
1087 1177 1172 1242 tueri
1202 1177 1328 1256 studet;
1358 1176 1463 1241 immo

304 1286 385 1350 haec
402 1286 563 1370 expositio
587 1286 621 1350 in
647 1307 701 1351 eos
717 1285 871 1350 homines
895 1285 991 1363 valet,
1017 1285 1076 1369 qui
1099 1285 1238 1349 liberam
1254 1284 1461 1350 voluntatem

302 1393 435 1457 infitiati
458 1394 572 1458 omnia
595 1416 615 1458 a
637 1394 705 1458 lato
729 1391 946 1477 insuperabili
969 1391 1150 1478 pendentia
1166 1391 1298 1457 iaciant.
1346 1392 1464 1476 ltaque

199 1505 200 1510 ’
302 1500 348 1565 ita
371 1522 422 1564 res
454 1522 488 1566 se
515 1499 625 1566 habet.
672 1501 813 1564 Ineunte
843 1500 950 1584 capite
977 1501 1017 1564 14
1048 1499 1157 1566 verbis
1189 1499 1398 1576 „Carneades
1421 1537 1463 1546 -

303 1607 491 1672 conclusi0“
528 1607 661 1674 videtur
684 1606 821 1692 quidem
845 1607 958 1672 Cicero
989 1606 1194 1672 Carneadem
1220 1611 1351 1670 secutus
1376 1605 1416 1670 de
1439 1605 1461 1669 i-

302 1736 413 1798 gnava
425 1715 552 1780 ratione
569 1715 738 1801 disputare
754 1735 902 1800 pergere.
936 1715 985 1778 Re
1001 1735 1080 1780 vera
1095 1719 1208 1778 autem
1223 1712 1302 1777 inde
1318 1735 1338 1777 a
1353 1712 1463 1779 verbis

304 1821 483 1887 Carneadis
509 1823 557 1902 „si
581 1823 695 1887 omnia
720 1828 780 1870 —“
805 1843 940 1908 prorsus
965 1820 1006 1885 de
1030 1843 1069 1885 ea
1091 1826 1178 1886 tacet
1207 1826 1308 1904 atque
1331 1820 1462 1906 iterum,

304 1935 341 1993 ut
364 1929 441 1993 lecit
464 1935 570 2007 antea,
600 1950 677 1994 cum
702 1929 819 1994 Stoicis
844 1928 885 1993 de
910 1929 978 1993 lato
1002 1948 1152 2014 pugnare
1176 1927 1302 2013 incipit.
1337 1927 1463 2003 Quare

303 2036 419 2121 negari
443 2037 561 2122 nequit
584 2043 688 2102 totam
712 2036 753 2101 de
777 2036 901 2120 ignava
924 2036 1052 2100 ratione
1065 2035 1305 2121 expositionem
1331 2042 1368 2099 ut
1391 2034 1464 2100 alie-

303 2164 386 2207 num
410 2143 600 2208 membrum
624 2143 759 2208 aliunde
783 2144 946 2208 insertum
969 2143 1084 2208 videri.

409 2286 775 2372 Accedit‚qu0dtotade
784 2287 1040 2372 ignavaratione
1050 2287 1210 2372 expositio
1219 2284 1463 2370 abargumento

302 2392 402 2457 huius
418 2394 521 2479 partis
545 2393 647 2459 libelli
670 2393 878 2459 Ciceroniani
894 2395 1002 2459 aliena
1018 2399 1076 2472 est,
1094 2414 1197 2478 quam
1220 2399 1350 2478 partem
1362 2413 1463 2477 supra

301 2498 578 2566 vidimusversari
586 2501 622 2565 in
630 2500 810 2566 refellenda
819 2501 927 2586 priore
936 2507 1036 2586 atque
1045 2500 1221 2586 principali
1233 2505 1326 2584 parte
1335 2498 1462 2564 Stoicae

302 2605 480 2685 doctrinae,
492 2629 577 2692 quae
590 2608 698 2692 priore
711 2608 794 2673 libro
811 2607 990 2692 Chrysippi
1003 2607 1152 2692 exposita
1165 2613 1235 2671 erat
1246 2607 1298 2690 (cl.
1312 2629 1343 2690 p.
1362 2606 1460 2691 2sq.).

302 2711 354 2778 Ab
370 2714 434 2778 hac
457 2720 567 2778 autem
586 2720 618 2778 et
637 2736 697 2800 per
720 2736 754 2780 se
770 2720 862 2800 patet
877 2714 1022 2779 alienam
1038 2735 1109 2779 esse
1125 2713 1287 2778 rationem
1304 2713 1462 2797 ignavam

302 2827 334 2886 et
350 2821 565 2886 confirmatur
578 2821 775 2906 Diogeniani
787 2821 983 2907 fragmentis
997 2842 1098 2906 supra
1109 2820 1263 2897 laudatis,
1281 2842 1322 2884 ex
1339 2819 1461 2905 quibus

301 2927 454 2993 videmus
479 2927 519 2992 de
542 2928 666 3013 ignava
683 2930 809 2994 ratione
833 2935 865 2994 et
889 2929 929 2994 de
954 2928 1119 3006 confatali,
1138 2927 1228 3012 quod
1245 2926 1334 3005 dicit,
1359 2925 1459 3012 Chry-

302 3035 438 3121 sippum
470 3036 575 3120 egisse
608 3037 644 3100 in
675 3035 758 3101 libro
792 3036 1065 3122 posteriore.
1113 3035 1272 3120 Legimus
1306 3034 1394 3099 enim
1426 3034 1462 3098 in

301 3143 489 3228 fragmento
525 3143 621 3208 tertio
662 3142 692 3230 (l.
718 3164 744 3208 c.
770 3166 801 3228 p.
828 3144 890 3208 751
922 3144 941 3207 l.
967 3145 987 3207 9
1011 3141 1097 3229 sqq.)
1131 3143 1208 3207 hoc:
1247 3153 1402 3232 κέχρηταί
1427 3167 1461 3208 τε

301 3247 512 3337 (Χρύσιππος
528 3252 564 3319 ἕν
580 3258 626 3342 τῷ
642 3254 779 3341 δευτέρῳ
804 3255 930 3342 βιβλίῳ,
956 3251 995 3315 cl.
1021 3273 1052 3316 v.
1078 3249 1109 3336 2)
1133 3252 1378 3338 παραδείγμασι
1402 3275 1461 3314 τοι·

301 3355 407 3437 οκῖτοις
440 3371 508 3425 τισί
521 3379 526 3390 ’
544 3356 579 3425 cl
604 3361 666 3449 γάρ
696 3361 898 3425 ἀπολεῖσθαι
933 3356 1030 3445 (φησί)
1063 3359 1242 3440 θοίμάτιον
1266 3355 1325 3442 ov'y
1349 3353 1461 3430 ἁπλῶς

301 3473 517 3552 nudatusque,
544 3467 628 3532 ἀλλὰ
662 3462 744 3552 parci
775 3465 831 3534 τοῦ
862 3464 1086 3552 φυλάττεσθαι
1100 3507 1204 3542 ......
1229 3476 1284 3530 καὶ
1308 3465 1344 3530 τὸ
1375 3465 1460 3550 κενή·

304 3583 422 3641 caedar
458 3576 579 3648 παῖδας
614 3575 697 3659 μετὰ
715 3572 773 3641 τοῦ
795 3570 978 3652 βούλεσθαι
1001 3589 1166 3640 κοινωνεῖν
1181 3581 1336 3655 γυναικί·
1355 3566 1461 3659 ὥσπερ

305 3682 368 3770 γάρ
403 3679 521 3769 (φησὶν)
546 3689 576 3747 εἰ
605 3679 756 3765 λέγοντός
779 3705 864 3755 τινος
888 3682 1086 3770 Ἡνήσαρχον
1109 3679 1167 3747 τᾶν
1190 3679 1318 3766 πύκτην
1340 3679 1461 3756 ἐξελεύ-

302 3797 420 3855 σεσθαι
453 3797 510 3857 τοῦ
541 3788 667 3872 ἀγῶνος
701 3787 834 3868 πάντως
864 3783 1030 3874 ἄπληκτον
1062 3781 1194 3866 α’τόπως
1217 3783 1260 3854 ἄν
1292 3810 1338 3860 τις
1370 3788 1461 3872 ἠξίου

301 3901 463 3964 καθιέντα
504 3894 563 3974 τοὶς
604 3913 712 3981 χεῖρας
745 3897 946 3986 Ἡγήσαρχον
990 3897 1255 3980 μάχεσθαι
1293 3893 1462 3959 Tractavit

300 4003 402 4088 igitur
425 4003 634 4087 Chrysippus
664 4001 790 4067 eisdem
820 4003 887 4066 lere
912 4001 1073 4086 exemplis
1103 4021 1184 4065 usus
1217 4007 1317 4085 atque
1347 4000 1460 4065 Cicero

303 4109 449 4175 secundo
486 4108 570 4173 libro
606 4092 768 4174 confatale
791 4109 884 4187 illud,
909 4108 1000 4194 quod
1024 4116 1350 4196 σνγκαθειμαρμένον
1372 4108 1460 4187 dicit,

301 4239 368 4303 quc
392 4224 430 4282 ut
452 4216 638 4281 doctrinam
662 4237 758 4280 suam
773 4223 889 4282 contra
904 4217 1063 4301 ignavam
1080 4214 1242 4280 rationem
1259 4214 1458 4294 detenderet,

300 4347 402 4390 usum
425 4324 521 4388 illum
545 4345 615 4389 esse
639 4323 753 4388 Cicero
776 4323 853 4409 §30
876 4346 937 4389 uos
961 4322 1065 4387 docet.
1082 4323 1200 4407 ltaque
1224 4343 1300 4387 cum
1325 4323 1459 4409 aChry-

300 4433 396 4518 sippo
420 4431 460 4496 de
484 4432 607 4516 ignava
623 4431 750 4496 ratione
768 4451 903 4515 prorsus
927 4430 991 4496 alio
1009 4429 1084 4494 libri
1108 4430 1160 4494 sui
1184 4429 1255 4494 loco
1272 4429 1460 4514 expositum

300 4561 370 4606 esse
402 4546 538 4619 constet,
570 4539 628 4605 vix
662 4538 802 4603 dubium
836 4543 894 4620 est,
926 4537 1010 4622 quin
1041 4537 1142 4602 etiam
1165 4536 1392 4602 Clitomachus
1422 4557 1460 4604 ea
