3274 5434
511 328 848 394 ·-41-·

156 525 266 590 schon
289 525 528 612 etymologisch
560 524 741 611 dasjenige‚
777 547 843 590 was
878 526 913 590 in
949 525 1019 590 sich
1042 525 1223 590 aulnimmt
1245 524 1325 589 oder
1413 539 1419 552 ’

156 633 284 698 zulasst
299 632 369 698 und
391 637 573 712 verstattet
590 632 666 698 dass
690 639 790 698 etwas
814 637 864 697 an'
880 633 952 697 ihm
976 632 1039 712 sei3
1058 632 1128 697 und
1145 654 1242 698 wenn
1257 654 1323 698 von

159 741 274 805 elnam
285 740 445 826 Subjekte
458 746 575 825 gesagt
586 739 687 807 wird:
712 739 977 826 ἔνδέχετοοξεῖνοο
989 743 1068 819 τοδί,
1080 762 1115 805 so
1128 740 1231 805 heisst
1243 739 1322 816 dies

157 847 238 914 dass
262 848 321 912 das
346 847 487 933 Subjekt
510 847 558 912 als
582 846 735 913 Substrat
757 847 875 933 irgend
891 847 965 912 eine
981 847 1172 914 attributive
1188 847 1324 912 Bestim-

157 977 268 1040 mung
290 954 339 1020 als
362 953 532 1019 statthalte
555 955 591 1020 in
614 955 685 1020 sich
708 955 868 1020 zulassef‘

268 1081 363 1146 Haeo
387 1101 466 1147 vero
483 1080 680 1165 significatio
696 1081 890 1166 principalis
906 1081 1021 1146 tertiae
1046 1101 1180 1166 quoque
1204 1079 1325 1165 speciei

161 1193 221 1259 τοῦ
244 1191 456 1275 ἐνδεχομένου
480 1187 601 1253 subest.
649 1189 736 1253 Nam
760 1187 851 1273 quod
885 1188 1047 1273 cuiusque
1082 1188 1129 1252 rei
1152 1187 1326 1273 proprium

164 1302 224 1371 est,
258 1296 348 1361 idem
381 1301 430 1361 est
463 1297 499 1359 in
534 1300 697 1381 potestate
732 1295 824 1374 eius;
850 1296 935 1360 nihil
959 1295 1049 1360 enim
1072 1295 1172 1360 homo
1196 1294 1325 1359 efficere

160 1410 280 1490 potest,
306 1403 431 1468 nullius
454 1403 502 1467 rei
525 1402 696 1467 faciendae
712 1402 821 1467 habet
851 1402 1052 1481 facultatem,
1077 1423 1163 1487 quae
1187 1407 1325 1466 naturae

160 1512 234 1577 eius
257 1510 447 1577 adversaria
463 1510 513 1574 sit.
560 1509 671 1594 Atque
687 1510 775 1574 hano
798 1518 855 1578 τοῦ
878 1512 1087 1596 ἐνδεχομένου
1107 1509 1251 1594 speciem
1275 1530 1325 1573 su·

159 1640 224 1703 pra
246 1617 392 1682 vidimus
425 1617 467 1682 ab
498 1616 674 1682 Aristotele
705 1616 820 1681 eodem
855 1615 955 1681 modo
987 1637 1026 1681 ao
1049 1614 1085 1682 τδ
1110 1617 1251 1684 δυνατόν
1274 1614 1325 1680 de-

161 1724 263 1790 scribi
287 1731 318 1789 et
341 1745 419 1788 oum
441 1724 497 1789 illo
514 1724 684 1790 conlundi.
731 1723 781 1788 cf.
805 1728 935 1808 praeter
957 1724 1047 1788 locos
1064 1744 1166 1808 supra
1189 1722 1324 1788 allatos:

162 1832 260 1898 Anal.
286 1837 368 1917 post.
394 1831 410 1895 Ι
435 1833 454 1896 6
478 1853 509 1916 p.
537 1831 676 1896 74b38.

269 1958 341 2022 lam
364 1957 405 2022 ad
430 1937 660 2022 Alexandrum
683 1978 744 2022 nos
760 1961 938 2035 vertemus
956 1956 1015 2041 qui
1031 1955 1074 2020 ad
1089 1954 1326 2020 illustrandum

162 2062 375 2150 ἐνδεχόμενον
398 2070 505 2129 totum
530 2070 630 2148 caput
645 2063 695 2128 lX
718 2063 794 2128 libri
817 2064 867 2128 De
890 2064 959 2128 lato
983 2063 1140 2142 contulit4
1165 2083 1203 2127 ac
1227 2068 1326 2126 statu-

163 2195 259 2239 emus
282 2171 457 2237 Aristotele
481 2192 560 2235 eum
582 2170 774 2256 diligentius
798 2170 989 2235 distinxisse
1012 2171 1098 2235 inter
1130 2167 1272 2238 δυνατόν
1295 2175 1327 2233 et

162 2277 385 2366 ἐνδεχόμενον.
432 2278 558 2343 Deficit
581 2283 693 2343 autem
716 2276 908 2342 Alexander
931 2299 956 2342 c.
983 2279 1012 2355 9,
1038 2299 1068 2362 p.
1099 2277 1193 2356 1752
1216 2273 1252 2343 οδ
1278 2279 1325 2343 ἐν·

164 2387 339 2473 δεχόμενον
373 2386 425 2451 his
448 2385 579 2451 verbis:
616 2393 650 2454 εἴ
678 2415 714 2469 γε
747 2393 854 2455 ταῦτα
890 2392 952 2472 μὲν
976 2396 1090 2473 κυρίως
1112 2387 1327 2469 ἐνδεχομένως

162 2502 315 2579 γίνεσθαι
338 2497 475 2574 λέγεται,
500 2493 548 2579 ἐφ’
574 2486 621 2561 civ
645 2505 701 2560 καὶ
717 2491 753 2560 ad
771 2495 965 2579 ἐνδέχεσθαι
982 2491 1026 2577 μή
1043 2499 1200 2575 γενέσθαι
1217 2487 1327 2580 χώραν

162 2603 251 2683 ἔχει.
271 2651 276 2664 .
295 2601 337 2668 οδ
352 2603 426 2678 δ’ἐξ
439 2603 584 2688 ἀνάγκης
607 2603 764 2687 γινόμενα
787 2601 842 2669 οδκ
866 2602 1034 2686 ἐνδέχεται
1056 2597 1100 2685 μή
1124 2606 1326 2682 γενέσθαι..

164 2709 213 2773 Ac
237 2708 388 2772 similiter
411 2731 442 2793 p.
472 2709 586 2786 176,l:
612 2711 648 2775 νδ
673 2711 710 2776 δὲ
733 2709 950 2792 ἐνδεχομένως
972 2709 1102 2790 χέχονδς
1125 2706 1161 2773 ἓν
1183 2733 1247 2773 τινι
1271 2714 1327 2772 καὶ

162 2817 207 2904 μή
232 2825 402 2898 γεγονέναι
424 2816 461 2882 ἑν
477 2817 569 2904 αὐτῷ
592 2814 661 2882 οἶόν
684 2841 718 2882 τε
741 2807 791 2898 ἦν.
825 2813 974 2898 Opponit
996 2813 1099 2899 igitur
1114 2809 1328 2897 ἐνδεχόμενον

163 2921 351 2986 necessitati
374 2926 475 3006 atque
498 2923 709 3009 ἐνδεχόμενον
733 2929 891 3004 γενέσθαι
914 2919 950 2984 id
973 2919 1127 3005 appellat,
1159 2917 1249 3003 quod
1273 2939 1326 3003 po-

164 3034 318 3094 testatem
340 3027 441 3093 habet
464 3029 565 3093 etiam
588 3050 656 3093 non
680 3027 866 3106 eveniendi,
891 3026 980 3092 unde
998 3027 1149 3108 sequitur
1164 3027 1326 3110 δνδεχομέ·

163 3162 226 3216 νως
260 3136 436 3220 γενόμενον
469 3135 553 3200 illud
587 3135 661 3213 dici,
687 3135 778 3220 quod
801 3157 869 3200 non
893 3135 1087 3200 necessitate
1117 3134 1325 3210 factumest,

164 3242 222 3310 sed
245 3242 301 3322 ita,
326 3248 364 3307 ut
387 3249 568 3328 antequam
591 3243 692 3319 fieret,
717 3242 909 3307 facultatem
933 3240 1069 3305 haberet
1092 3246 1150 3303 aut
1178 3259 1244 3303 non
1270 3243 1328 3302 aut

164 3351 258 3416 aliter
282 3349 455 3415 evadendi.
482 3350 558 3426 Qua
580 3349 620 3414 de
645 3371 745 3446 causa
768 3351 804 3417 οδ
830 3351 1040 3434 ἐνδεχόμενον
1063 3351 1201 3412 vocatur
1230 3349 1326 3413 δεκτι-

164 3460 224 3527 κδν
247 3457 305 3527 τοῦ
328 3458 478 3526 ἐναντίον
502 3458 597 3548 αὐτῷ
620 3456 662 3544 (p.
691 3457 815 3534 175,ἳὸ
839 3478 899 3541 sq„
927 3455 1021 3533 176‚6
1054 3452 1124 3540 sq.).
1172 3452 1326 3516 Ceterum

165 3565 282 3632 eadem
305 3565 398 3632 verbi
422 3563 570 3629 definitio
601 3564 674 3628 aliis
709 3584 843 3648 quoque
866 3562 946 3627 locis
981 3567 1013 3626 et
1035 3561 1135 3625 huius
1159 3558 1272 3643 scripti
1296 3564 1328 3623 et

165 3673 307 3738 aliorum
339 3671 436 3737 nobis
461 3672 611 3749 occurrit,
637 3677 674 3736 ut
696 3693 722 3736 c.
750 3671 768 3734 7
793 3693 824 3752 p.
852 3671 974 3748 172,6;
999 3690 1024 3734 o.
1051 3668 1103 3746 30,
1128 3690 1158 3752 p.
1185 3667 1325 3746 201,13;

165 3780 215 3846 De
247 3780 362 3845 anima
385 3780 418 3843 Π
441 3803 472 3865 p.
501 3780 573 3857 182,
587 3779 638 3843 32.
687 3777 818 3854 Quibus
843 3777 999 3842 omnibus
1021 3776 1101 3840 locis
1125 3779 1262 3859 urgetur
1285 3772 1326 3837 ab

165 3886 356 3953 Alexandro
389 3894 435 3978 τῷ
458 3889 656 3976 ἐνδεχομένῳ
679 3885 883 3950 contrarium
916 3905 986 3948 esse
1021 3881 1057 3950 οδ
1081 3885 1274 3965 ἀναγκαῖον,
1299 3880 1327 3944 si

165 3994 304 4081 quidem
327 3994 362 4059 id
384 3993 609 4059 necessarium
633 3993 684 4070 sit,
710 3991 800 4077 quod
816 3991 979 4056 contrarie
1004 3990 1074 4054 fieri
1091 4011 1158 4053 non
1183 3987 1328 4073 potuerit

164 4101 208 4190 (p.
236 4103 308 4181 175,
319 4101 359 4189 5).

273 4208 431 4286 Quaestio
455 4228 546 4272 nuno
568 4208 682 4286 oritur,
707 4228 854 4292 quanam
878 4227 913 4270 re
948 4204 1014 4269 duo
1048 4203 1105 4268 illa
1126 4223 1249 4287 genera
1272 4223 1325 4266 an-

166 4317 285 4403 cipitiS,
310 4321 347 4380 ut
369 4315 416 4380 ita
439 4314 558 4392 dicam,
583 4315 620 4382 τδ
646 4313 789 4383 δυνατόν
812 4320 844 4379 et
867 4312 903 4381 τδ
927 4312 1147 4398 ἐνδεχόμενον,
1181 4310 1268 4373 inter
1292 4329 1325 4374 se

166 4423 331 4490 differant.
380 4423 531 4498 Quorum
556 4421 649 4508 prius
672 4443 774 4507 supra
797 4421 865 4485 iam
888 4419 1104 4505 exposuimus
1128 4416 1169 4481 ab
1186 4416 1325 4480 Alexan·

167 4531 227 4598 dro
261 4530 307 4596 ita
341 4528 481 4607 definiri,
518 4535 555 4594 ut
578 4530 720 4597 δυνατόν
754 4528 836 4593 illud
867 4528 919 4606 sit,
943 4526 1035 4611 quod
1067 4525 1149 4612 quin
1185 4523 1325 4604 eveniat,
