3274 5434
664 344 862 409 ...5-

181 538 339 604 tecedere.
365 577 407 588 —
431 539 524 605 Haec
547 540 615 604 lere
639 539 847 625 Chrysippus
871 539 1037 625 significat
1058 539 1152 605 brevi
1175 561 1236 604 sua
1259 540 1342 605 refu·

180 646 304 711 tatione
328 646 350 732 ξ
374 648 434 712 26:
462 647 563 732 „quia
587 648 744 712 lutura
767 668 846 713 vera
862 668 930 711 non
947 652 1088 731 possunt
1104 668 1174 712 esse
1190 668 1238 725 ea,
1256 667 1342 731 quae

181 774 309 832 causae,
334 775 393 818 our
416 754 530 818 lutura
548 753 624 832 sint,
641 775 710 818 non
726 752 903 832 habeant‚“
921 754 956 818 in
973 753 1096 839 quibus
1112 753 1222 819 verbis
1238 753 1343 839 liquet

179 881 294 925 vocem
321 861 474 939 ‚‚futura“
500 861 624 926 summi
648 881 718 926 esse
741 860 904 925 momenti
928 867 960 924 et
983 860 1079 944 quasi
1103 881 1180 924 oum
1203 865 1342 926 accentu

179 967 327 1052 quodam
360 968 479 1046 efferri,
505 973 543 1032 ut
573 968 743 1032 refellatur
776 966 973 1044 Carneades,
1008 967 1067 1052 qui
1098 967 1211 1032 omnia
1233 967 1342 1032 causis

178 1074 566 1140 antecedentibus
590 1074 661 1139 fieri
683 1073 845 1139 infitiatus
869 1080 947 1139 erat.

285 1199 465 1265 Carneadis
499 1221 597 1285 porro
632 1220 718 1284 quae
753 1219 844 1264 nunc
880 1199 1031 1284 sequitur
1053 1199 1235 1264 confutatio
1264 1220 1341 1263 cum

180 1306 202 1392 ἕ
227 1308 357 1371 23-25
380 1328 448 1372 non
472 1307 519 1371 ita
541 1306 704 1385 cohaeret,
730 1313 767 1370 ut
791 1305 941 1371 eiusdem
965 1305 1200 1391 disputationis
1223 1305 1341 1370 Carne-

179 1412 281 1478 adeas
305 1414 402 1499 quasi
426 1421 535 1499 partes
570 1413 737 1498 quaedam
770 1413 837 1477 sint
860 1434 881 1477 a
904 1413 1062 1478 Cicerone
1094 1412 1272 1477 dissolutae
1296 1411 1341 1498 (id

178 1519 268 1605 quod
293 1542 364 1585 esse
388 1521 596 1585 Schmekelio
630 1523 671 1604 [p.
707 1519 777 1605 169]
813 1519 918 1585 videri
949 1519 1050 1584 modo
1080 1519 1341 1584 memoravimus

180 1629 219 1714 [p.
244 1628 303 1712 4]);
334 1627 392 1692 sed
416 1634 453 1691 ut
477 1627 685 1714 Chrysippus
708 1626 818 1692 verbis
843 1627 945 1712 „quia
978 1665 1018 1674 -
1044 1626 1236 1693 evenerint‘
1260 1626 1340 1712 §26

177 1757 266 1800 nova
297 1734 443 1819 protulit,
477 1734 524 1799 ita
555 1739 671 1798 contra
703 1755 781 1798 eum
804 1755 892 1799 nova
925 1733 1214 1818 argumentatione
1236 1733 1341 1798 utitur

177 1840 374 1906 Carneades.
421 1841 496 1907 Hoc
512 1841 602 1906 enim
614 1840 714 1905 modo
731 1846 1002 1924 argumentatur:
1026 1840 1075 1918 Id,
1100 1839 1191 1926 quod
1214 1841 1340 1905 factum

177 1955 235 2027 est,
259 1969 393 2013 necesse
417 1946 553 2033 quidem
578 1954 627 2013 est
650 1947 702 2013 vel
737 1947 895 2012 sescentis
919 1947 1017 2012 annis
1041 1953 1118 2012 ante
1151 1969 1269 2012 verum
1292 1948 1340 2011 lu-

176 2057 249 2120 isse.
297 2056 414 2140 Itaque
438 2055 465 2120 si
489 2055 600 2141 Scipio
623 2055 844 2119 Numantiam
866 2055 963 2139 cepit,
989 2061 1021 2119 et
1044 2061 1120 2120 ante
1144 2054 1249 2118 multa
1274 2076 1340 2119 sae-

176 2162 252 2228 cula
264 2162 464 2226 enuntiatio:
491 2161 622 2248 „Scipio
635 2161 856 2226 Numantiam
880 2162 1009 2246 capiet“
1034 2182 1114 2228 vera
1136 2161 1200 2226 luit
1231 2183 1340 2246 neque

176 2268 284 2354 potuit
308 2268 375 2333 ullo
399 2274 547 2354 tempore
570 2291 640 2334 non
665 2290 741 2335 vera
772 2290 853 2333 esse.
900 2269 1017 2354 Neque
1049 2275 1161 2333 tamen
1192 2268 1270 2333 inde
1294 2290 1339 2334 se·

175 2377 290 2461 quitur
313 2397 475 2441 causas
498 2397 546 2440 ae
559 2382 714 2441 ternas
739 2397 820 2453 esse,
839 2396 925 2460 quae
942 2373 1141 2460 prohibeant
1157 2375 1340 2461 quicquam

174 2505 270 2548 secus
304 2482 421 2548 cadere
452 2489 552 2567 atque
587 2504 744 2548 casurum
768 2483 816 2548 sit.
869 2482 1113 2547 Fortuitae
1148 2481 1239 2546 enim
1262 2488 1341 2546 sunt

174 2611 304 2668 causae,
331 2611 417 2675 quae
442 2590 596 2667 efficiant,
621 2597 659 2654 ut
674 2611 750 2657 vere
774 2589 937 2666 dicantur,
959 2610 1045 2674 quae
1062 2588 1240 2654 defuturis
1263 2611 1340 2655 vere

174 2697 338 2762 dicantur.
385 2697 476 2762 Num
500 2704 612 2762 autern
637 2697 765 2782 possint
799 2695 946 2782 praedici
970 2696 1057 2775 talia,
1082 2697 1145 2762 hoc
1169 2695 1240 2761 loco
1271 2717 1340 2760 non

174 2811 269 2870 curat
292 2805 441 2889 scriptor,
465 2805 636 2891 praedicta
658 2826 697 2870 ea
720 2825 791 2869 esse
814 2804 996 2890 praesumit
1028 2802 1205 2888 logicae
1240 2803 1340 2888 expli·

174 2912 314 2977 cationis
344 2933 445 2977 causa
468 2919 501 2977 et
523 2918 614 2978 vetat
636 2912 713 2977 inde
736 2911 821 2976 falsa
844 2910 885 2975 de
909 2911 1017 2976 causis
1041 2932 1152 2975 rerum
1175 2910 1338 2976 concludi.

175 3019 391 3104 Quamquam
415 3019 517 3104 igitur
540 3040 591 3084 res
615 3017 791 3104 quaedam,
818 3038 903 3103 quae
928 3024 1015 3083 certo
1033 3018 1172 3096 eveniet,
1197 3039 1266 3082 non
1282 3017 1340 3081 mi-

175 3148 239 3191 nus
262 3125 481 3192 immutabilis
506 3131 556 3191 est
578 3127 691 3191 lutura
715 3147 817 3210 quarn
842 3146 919 3190 oum
942 3124 1010 3188 iam
1032 3124 1121 3189 facta
1144 3130 1201 3203 est,
1226 3131 1340 3189 tamen

176 3255 286 3318 neque
310 3255 417 3298 nexus
441 3255 618 3299 causarum
651 3253 761 3317 neque
784 3233 892 3296 latum
915 3251 1025 3316 neque
1059 3231 1238 3296 necessitas
1261 3230 1339 3295 exti-

175 3340 354 3406 mescenda
378 3346 464 3406 sunt.

285 3466 360 3531 Non
385 3472 537 3532 accurate
560 3465 662 3550 igitur
678 3464 853 3530 Schmekel
876 3462 918 3549 (p.
948 3463 1021 3550 169)
1035 3463 1122 3528 hanc
1146 3461 1338 3548 disputatio·

176 3595 256 3638 nem
269 3573 321 3637 his
338 3572 447 3639 verbis
463 3572 740 3657 circumscripsit:
767 3571 960 3650 „Vielmehr
976 3571 1066 3635 seien
1083 3569 1136 3634 die
1155 3569 1337 3648 Ursachen

176 3680 229 3746 die
253 3681 444 3758 bewirkten‚
470 3678 546 3748 dass
570 3685 669 3744 etwas
692 3680 728 3743 in
752 3679 903 3743 Zukunlt
927 3677 1018 3743 wahr
1033 3675 1151 3753 werdo,
1169 3697 1235 3740 was
1258 3678 1341 3761 jetnt

176 3809 241 3852 nur
265 3786 465 3872 moglich
501 3787 558 3864 sei,
582 3807 626 3850 an
650 3786 722 3851 sich
746 3784 912 3869 zulallig.“
959 3784 1077 3868 Neque
1101 3783 1191 3847 enirn
1215 3783 1339 3847 Cicero-

176 3895 228 3959 nis
252 3895 451 3960 sententiam
475 3892 601 3978 liquide
624 3892 742 3971 reddit
768 3893 795 3956 si
819 3894 948 3956 futuras
972 3912 1023 3955 res
1049 3889 1247 3975 ‚‚moglich‚“
1273 3910 1337 3966 eas,

176 4023 262 4088 quae
286 4001 487 4079 acciderunt,
513 4000 646 4078 ,‚wahr“
671 4000 833 4064 nominat.
880 3999 967 4062 Nam
991 3997 1032 4062 de
1049 4019 1097 4074 ec,
1123 3995 1213 4080 quod
1236 3996 1339 4060 lieri

176 4115 321 4195 potest
354 4107 525 4195 (moglioh)
560 4107 631 4172 loco
655 4113 768 4171 nostro
792 4128 861 4171 non
885 4105 1057 4170 disseritur
1073 4124 1183 4188 neque
1207 4108 1338 4168 conten-

176 4216 266 4281 ditur
288 4216 353 4294 illa,
379 4237 465 4300 quae
490 4237 523 4280 re
557 4235 636 4279 vera
664 4215 778 4278 lutura
800 4213 876 4291 sint,
900 4233 980 4278 vera
1003 4232 1074 4276 esse
1104 4211 1226 4274 lutura.
1274 4209 1340 4274 Sed

177 4324 401 4409 praesumitur
432 4321 557 4407 ubique
582 4343 620 4386 ea
642 4321 710 4385 iam
734 4341 825 4385 nuno
848 4340 927 4385 vera
943 4339 1024 4389 esse,
1041 4317 1075 4381 id
1092 4317 1182 4402 quod
1201 4323 1340 4401 apparet

177 4453 217 4495 ex
239 4430 292 4494 his
316 4430 482 4494 Ciceronis
506 4428 618 4492 dictis:
646 4428 721 4506 „An
745 4427 840 4491 aliter
862 4425 944 4490 haec
960 4423 1145 4489 enuntiatio
1167 4444 1245 4488 vera
1268 4443 1338 4488 esse

177 4559 244 4603 non
267 4542 390 4623 potest:
416 4536 548 4621 Capiet
570 4534 788 4599 Numantiam
813 4532 924 4618 Scipio
935 4532 972 4595 Ῥ“
998 4537 1029 4595 et
1063 4531 1131 4610 „sic
1155 4531 1336 4608 lutura,
