<?xml version="1.0" encoding="UTF-8"?>
<!DOCTYPE html PUBLIC "-//W3C//DTD XHTML 1.0 Transitional//EN"
    "http://www.w3.org/TR/xhtml1/DTD/xhtml1-transitional.dtd">
<html xmlns="http://www.w3.org/1999/xhtml" xml:lang="en" lang="en">
 <head>
  <title>
</title>
<meta http-equiv="Content-Type" content="text/html;charset=utf-8" />
  <meta name='ocr-system' content='tesseract 3.04.00' />
  <meta name='ocr-capabilities' content='ocr_page ocr_carea ocr_par ocr_line ocrx_word'/>
</head>
<body>
  <div class='ocr_page' id='page_1' title='image "adciceronisdefa00stgoog_0011.png"; bbox 0 0 3274 5434; ppageno 0'>
   <div class='ocr_carea' id='block_1_1' title="bbox 790 399 988 462">
    <p class='ocr_par' dir='ltr' id='par_1_1' title="bbox 790 399 988 462">
     <span class='ocr_line' id='line_1_1' title="bbox 790 399 988 462; baseline 0 -16"><span class='ocrx_word' id='word_1_1' title='bbox 790 399 988 462; x_wconf 84' lang='grc'>..4-</span> 
     </span>
    </p>
   </div>
   <div class='ocr_carea' id='block_1_2' title="bbox 307 594 1473 2070">
    <p class='ocr_par' dir='ltr' id='par_1_2' title="bbox 307 594 1473 2070">
     <span class='ocr_line' id='line_1_2' title="bbox 308 594 1472 682; baseline -0.003 -21"><span class='ocrx_word' id='word_1_2' title='bbox 308 597 585 682; x_wconf 78' lang='lat' dir='ltr'>gumentationes</span> <span class='ocrx_word' id='word_1_3' title='bbox 623 595 681 660; x_wconf 90' lang='lat' dir='ltr'>sed</span> <span class='ocrx_word' id='word_1_4' title='bbox 717 595 843 659; x_wconf 86' lang='lat' dir='ltr'>ratione</span> <span class='ocrx_word' id='word_1_5' title='bbox 878 594 1089 680; x_wconf 81' lang='lat' dir='ltr'>progreditur</span> <span class='ocrx_word' id='word_1_6' title='bbox 1122 601 1155 659; x_wconf 90' lang='lat' dir='ltr'>et</span> <span class='ocrx_word' id='word_1_7' title='bbox 1188 594 1252 661; x_wconf 90' lang='lat' dir='ltr'>via.</span> <span class='ocrx_word' id='word_1_8' title='bbox 1303 594 1354 660; x_wconf 84' lang='lat' dir='ltr'>lta</span> <span class='ocrx_word' id='word_1_9' title='bbox 1382 595 1472 659; x_wconf 91' lang='lat' dir='ltr'>enim</span> 
     </span>
     <span class='ocr_line' id='line_1_3' title="bbox 310 701 1472 769; baseline -0.003 -1"><span class='ocrx_word' id='word_1_10' title='bbox 310 703 495 769; x_wconf 78' lang='lat' dir='ltr'>concludit:</span> <span class='ocrx_word' id='word_1_11' title='bbox 523 701 782 767; x_wconf 89' lang='lat' dir='ltr'>Concedendum</span> <span class='ocrx_word' id='word_1_12' title='bbox 807 707 856 766; x_wconf 89' lang='lat' dir='ltr'>est</span> <span class='ocrx_word' id='word_1_13' title='bbox 877 701 995 767; x_wconf 83' lang='lat' dir='ltr'>Stoicis</span> <span class='ocrx_word' id='word_1_14' title='bbox 1012 707 1142 766; x_wconf 90' lang='lat' dir='ltr'>motum</span> <span class='ocrx_word' id='word_1_15' title='bbox 1159 702 1291 767; x_wconf 93' lang='lat' dir='ltr'>nullum</span> <span class='ocrx_word' id='word_1_16' title='bbox 1306 722 1377 768; x_wconf 90' lang='lat' dir='ltr'>esse</span> <span class='ocrx_word' id='word_1_17' title='bbox 1401 701 1472 766; x_wconf 89' lang='lat' dir='ltr'>sine</span> 
     </span>
     <span class='ocr_line' id='line_1_4' title="bbox 309 807 1473 889; baseline -0.002 -15"><span class='ocrx_word' id='word_1_18' title='bbox 309 831 418 889; x_wconf 86' lang='lat' dir='ltr'>causa,</span> <span class='ocrx_word' id='word_1_19' title='bbox 452 809 591 875; x_wconf 91' lang='lat' dir='ltr'>minime</span> <span class='ocrx_word' id='word_1_20' title='bbox 608 830 687 874; x_wconf 91' lang='lat' dir='ltr'>vero</span> <span class='ocrx_word' id='word_1_21' title='bbox 700 809 813 873; x_wconf 86' lang='lat' dir='ltr'>omnia</span> <span class='ocrx_word' id='word_1_22' title='bbox 836 808 907 874; x_wconf 89' lang='lat' dir='ltr'>fieri</span> <span class='ocrx_word' id='word_1_23' title='bbox 931 808 1040 874; x_wconf 89' lang='lat' dir='ltr'>causis</span> <span class='ocrx_word' id='word_1_24' title='bbox 1056 807 1338 873; x_wconf 88' lang='lat' dir='ltr'>antecedentibus.</span> <span class='ocrx_word' id='word_1_25' title='bbox 1366 808 1473 873; x_wconf 88' lang='lat' dir='ltr'>Multa</span> 
     </span>
     <span class='ocr_line' id='line_1_5' title="bbox 309 914 1471 1000; baseline -0.001 -20"><span class='ocrx_word' id='word_1_26' title='bbox 309 917 399 981; x_wconf 90' lang='lat' dir='ltr'>enim</span> <span class='ocrx_word' id='word_1_27' title='bbox 423 916 594 983; x_wconf 91' lang='lat' dir='ltr'>voluntate</span> <span class='ocrx_word' id='word_1_28' title='bbox 618 921 732 980; x_wconf 89' lang='lat' dir='ltr'>nostra</span> <span class='ocrx_word' id='word_1_29' title='bbox 754 915 848 994; x_wconf 81' lang='lat' dir='ltr'>fiunt,</span> <span class='ocrx_word' id='word_1_30' title='bbox 885 915 1007 1000; x_wconf 89' lang='lat' dir='ltr'>quibus</span> <span class='ocrx_word' id='word_1_31' title='bbox 1035 936 1152 981; x_wconf 81' lang='lat' dir='ltr'><strong>causas</strong></span> <span class='ocrx_word' id='word_1_32' title='bbox 1175 914 1312 1000; x_wconf 91' lang='lat' dir='ltr'>quidem</span> <span class='ocrx_word' id='word_1_33' title='bbox 1336 915 1471 981; x_wconf 81' lang='lat' dir='ltr'>subesse</span> 
     </span>
     <span class='ocr_line' id='line_1_6' title="bbox 308 1021 1470 1108; baseline -0.002 -20"><span class='ocrx_word' id='word_1_34' title='bbox 308 1045 407 1089; x_wconf 92' lang='lat' dir='ltr'>nemo</span> <span class='ocrx_word' id='word_1_35' title='bbox 430 1022 574 1108; x_wconf 79' lang='lat' dir='ltr'>negabit,</span> <span class='ocrx_word' id='word_1_36' title='bbox 599 1044 708 1107; x_wconf 88' lang='lat' dir='ltr'>neque</span> <span class='ocrx_word' id='word_1_37' title='bbox 732 1028 845 1087; x_wconf 90' lang='lat' dir='ltr'>tamen</span> <span class='ocrx_word' id='word_1_38' title='bbox 863 1028 1015 1087; x_wconf 87' lang='lat' dir='ltr'>externas</span> <span class='ocrx_word' id='word_1_39' title='bbox 1032 1028 1064 1087; x_wconf 91' lang='lat' dir='ltr'>et</span> <span class='ocrx_word' id='word_1_40' title='bbox 1080 1021 1321 1088; x_wconf 80' lang='lat' dir='ltr'>antecedentes.</span> <span class='ocrx_word' id='word_1_41' title='bbox 1347 1022 1470 1089; x_wconf 90' lang='lat' dir='ltr'>Volun-</span> 
     </span>
     <span class='ocr_line' id='line_1_7' title="bbox 310 1129 1470 1214; baseline -0.001 -19"><span class='ocrx_word' id='word_1_42' title='bbox 310 1131 386 1195; x_wconf 89' lang='lat' dir='ltr'>tatis</span> <span class='ocrx_word' id='word_1_43' title='bbox 411 1130 501 1195; x_wconf 89' lang='lat' dir='ltr'>enim</span> <span class='ocrx_word' id='word_1_44' title='bbox 524 1150 643 1194; x_wconf 88' lang='lat' dir='ltr'>causae</span> <span class='ocrx_word' id='word_1_45' title='bbox 667 1129 702 1192; x_wconf 90' lang='lat' dir='ltr'>in</span> <span class='ocrx_word' id='word_1_46' title='bbox 734 1135 848 1194; x_wconf 90' lang='lat' dir='ltr'>nostra</span> <span class='ocrx_word' id='word_1_47' title='bbox 882 1130 1033 1214; x_wconf 89' lang='lat' dir='ltr'>ipsorum</span> <span class='ocrx_word' id='word_1_48' title='bbox 1069 1135 1189 1194; x_wconf 89' lang='lat' dir='ltr'>natura</span> <span class='ocrx_word' id='word_1_49' title='bbox 1212 1129 1338 1214; x_wconf 87' lang='lat' dir='ltr'>positae</span> <span class='ocrx_word' id='word_1_50' title='bbox 1361 1149 1470 1213; x_wconf 87' lang='lat' dir='ltr'>neque</span> 
     </span>
     <span class='ocr_line' id='line_1_8' title="bbox 308 1235 1469 1322; baseline -0.003 -20"><span class='ocrx_word' id='word_1_51' title='bbox 308 1237 512 1302; x_wconf 85' lang='lat' dir='ltr'>extrinsecus</span> <span class='ocrx_word' id='word_1_52' title='bbox 523 1235 803 1322; x_wconf 91' lang='lat' dir='ltr'>acceduutneque</span> <span class='ocrx_word' id='word_1_53' title='bbox 816 1235 1026 1301; x_wconf 91' lang='lat' dir='ltr'>antecedunt.</span> <span class='ocrx_word' id='word_1_54' title='bbox 1040 1275 1080 1282; x_wconf 90' lang='lat'>—-</span> <span class='ocrx_word' id='word_1_55' title='bbox 1095 1236 1171 1312; x_wconf 70' lang='lat' dir='ltr'>Qua</span> <span class='ocrx_word' id='word_1_56' title='bbox 1184 1235 1224 1302; x_wconf 89' lang='lat' dir='ltr'>de</span> <span class='ocrx_word' id='word_1_57' title='bbox 1232 1257 1332 1301; x_wconf 88' lang='lat' dir='ltr'>causa</span> <span class='ocrx_word' id='word_1_58' title='bbox 1340 1236 1469 1301; x_wconf 86' lang='lat' dir='ltr'>etiamsi</span> 
     </span>
     <span class='ocr_line' id='line_1_9' title="bbox 308 1341 1470 1420; baseline -0.003 -11"><span class='ocrx_word' id='word_1_59' title='bbox 308 1366 406 1409; x_wconf 91' lang='lat' dir='ltr'>omne</span> <span class='ocrx_word' id='word_1_60' title='bbox 423 1344 633 1409; x_wconf 90' lang='lat' dir='ltr'>enuntiatum</span> <span class='ocrx_word' id='word_1_61' title='bbox 650 1349 708 1408; x_wconf 90' lang='lat' dir='ltr'>aut</span> <span class='ocrx_word' id='word_1_62' title='bbox 721 1364 839 1409; x_wconf 91' lang='lat' dir='ltr'>verum</span> <span class='ocrx_word' id='word_1_63' title='bbox 863 1363 933 1408; x_wconf 91' lang='lat' dir='ltr'>esse</span> <span class='ocrx_word' id='word_1_64' title='bbox 950 1349 1008 1407; x_wconf 92' lang='lat' dir='ltr'>aut</span> <span class='ocrx_word' id='word_1_65' title='bbox 1031 1343 1153 1408; x_wconf 81' lang='lat' dir='ltr'>falsum</span> <span class='ocrx_word' id='word_1_66' title='bbox 1178 1343 1295 1408; x_wconf 83' lang='lat' dir='ltr'>Stoicis</span> <span class='ocrx_word' id='word_1_67' title='bbox 1310 1341 1470 1420; x_wconf 91' lang='lat' dir='ltr'>concedit,</span> 
     </span>
     <span class='ocr_line' id='line_1_10' title="bbox 309 1449 1472 1517; baseline -0.003 -1"><span class='ocrx_word' id='word_1_68' title='bbox 309 1457 423 1516; x_wconf 89' lang='lat' dir='ltr'>tamen</span> <span class='ocrx_word' id='word_1_69' title='bbox 439 1452 553 1516; x_wconf 89' lang='lat' dir='ltr'>omnia</span> <span class='ocrx_word' id='word_1_70' title='bbox 576 1450 619 1515; x_wconf 94' lang='lat' dir='ltr'>ad</span> <span class='ocrx_word' id='word_1_71' title='bbox 643 1471 759 1515; x_wconf 87' lang='lat' dir='ltr'>causas</span> <span class='ocrx_word' id='word_1_72' title='bbox 783 1450 1016 1516; x_wconf 86' lang='lat' dir='ltr'>antecedentes</span> <span class='ocrx_word' id='word_1_73' title='bbox 1032 1451 1084 1516; x_wconf 89' lang='lat' dir='ltr'>vel</span> <span class='ocrx_word' id='word_1_74' title='bbox 1101 1449 1142 1514; x_wconf 90' lang='lat' dir='ltr'>ad</span> <span class='ocrx_word' id='word_1_75' title='bbox 1159 1451 1267 1516; x_wconf 80' lang='lat' dir='ltr'>fatum</span> <span class='ocrx_word' id='word_1_76' title='bbox 1284 1449 1472 1517; x_wconf 83' lang='lat' dir='ltr'>revocanda</span> 
     </span>
     <span class='ocr_line' id='line_1_11' title="bbox 308 1556 1471 1642; baseline 0 -20"><span class='ocrx_word' id='word_1_77' title='bbox 308 1579 378 1622; x_wconf 88' lang='lat' dir='ltr'>esse</span> <span class='ocrx_word' id='word_1_78' title='bbox 391 1557 489 1642; x_wconf 87' lang='lat' dir='ltr'>plane</span> <span class='ocrx_word' id='word_1_79' title='bbox 502 1557 671 1621; x_wconf 87' lang='lat' dir='ltr'>infitiatur.</span> <span class='ocrx_word' id='word_1_80' title='bbox 687 1595 724 1603; x_wconf 76' lang='lat'>-—</span> <span class='ocrx_word' id='word_1_81' title='bbox 733 1556 847 1622; x_wconf 92' lang='lat' dir='ltr'>Habes</span> <span class='ocrx_word' id='word_1_82' title='bbox 860 1556 1041 1622; x_wconf 87' lang='lat' dir='ltr'>Carneadis</span> <span class='ocrx_word' id='word_1_83' title='bbox 1054 1557 1226 1636; x_wconf 78' lang='lat' dir='ltr'>rationem,</span> <span class='ocrx_word' id='word_1_84' title='bbox 1240 1557 1276 1621; x_wconf 92' lang='lat' dir='ltr'>in</span> <span class='ocrx_word' id='word_1_85' title='bbox 1285 1578 1387 1642; x_wconf 91' lang='lat' dir='ltr'>quam</span> <span class='ocrx_word' id='word_1_86' title='bbox 1399 1556 1471 1622; x_wconf 88' lang='lat' dir='ltr'>aliis</span> 
     </span>
     <span class='ocr_line' id='line_1_12' title="bbox 307 1663 1471 1750; baseline -0.001 -21"><span class='ocrx_word' id='word_1_87' title='bbox 307 1686 442 1750; x_wconf 88' lang='lat' dir='ltr'>quoque</span> <span class='ocrx_word' id='word_1_88' title='bbox 459 1664 539 1729; x_wconf 92' lang='lat' dir='ltr'>locis</span> <span class='ocrx_word' id='word_1_89' title='bbox 557 1664 670 1749; x_wconf 90' lang='lat' dir='ltr'>scripti</span> <span class='ocrx_word' id='word_1_90' title='bbox 688 1663 792 1728; x_wconf 87' lang='lat' dir='ltr'>nostri</span> <span class='ocrx_word' id='word_1_91' title='bbox 808 1664 996 1729; x_wconf 85' lang='lat' dir='ltr'>incidimus.</span> <span class='ocrx_word' id='word_1_92' title='bbox 1045 1664 1149 1729; x_wconf 89' lang='lat' dir='ltr'>Cuius</span> <span class='ocrx_word' id='word_1_93' title='bbox 1170 1663 1322 1730; x_wconf 88' lang='lat' dir='ltr'>videlicet</span> <span class='ocrx_word' id='word_1_94' title='bbox 1338 1685 1471 1729; x_wconf 90' lang='lat' dir='ltr'>summa</span> 
     </span>
     <span class='ocr_line' id='line_1_13' title="bbox 307 1771 1471 1858; baseline -0.001 -22"><span class='ocrx_word' id='word_1_95' title='bbox 307 1772 388 1836; x_wconf 90' lang='lat' dir='ltr'>haec</span> <span class='ocrx_word' id='word_1_96' title='bbox 412 1777 554 1836; x_wconf 90' lang='lat' dir='ltr'>estesse</span> <span class='ocrx_word' id='word_1_97' title='bbox 579 1777 710 1858; x_wconf 88' lang='lat' dir='ltr'>praeter</span> <span class='ocrx_word' id='word_1_98' title='bbox 732 1773 839 1835; x_wconf 80' lang='lat' dir='ltr'>tatum</span> <span class='ocrx_word' id='word_1_99' title='bbox 864 1771 963 1835; x_wconf 89' lang='lat' dir='ltr'>etiam</span> <span class='ocrx_word' id='word_1_100' title='bbox 988 1771 1126 1837; x_wconf 84' lang='lat' dir='ltr'>liberam</span> <span class='ocrx_word' id='word_1_101' title='bbox 1142 1771 1359 1848; x_wconf 76' lang='lat' dir='ltr'>voluntatem,</span> <span class='ocrx_word' id='word_1_102' title='bbox 1385 1792 1471 1856; x_wconf 90' lang='lat' dir='ltr'>quae</span> 
     </span>
     <span class='ocr_line' id='line_1_14' title="bbox 308 1877 1471 1963; baseline -0.002 -19"><span class='ocrx_word' id='word_1_103' title='bbox 308 1879 415 1944; x_wconf 90' lang='lat' dir='ltr'>causis</span> <span class='ocrx_word' id='word_1_104' title='bbox 439 1877 576 1963; x_wconf 89' lang='lat' dir='ltr'>quidem</span> <span class='ocrx_word' id='word_1_105' title='bbox 600 1884 742 1962; x_wconf 84' lang='lat' dir='ltr'>regatur,</span> <span class='ocrx_word' id='word_1_106' title='bbox 767 1899 876 1963; x_wconf 89' lang='lat' dir='ltr'>neque</span> <span class='ocrx_word' id='word_1_107' title='bbox 900 1884 1012 1942; x_wconf 91' lang='lat' dir='ltr'>tamen</span> <span class='ocrx_word' id='word_1_108' title='bbox 1046 1877 1319 1944; x_wconf 88' lang='lat' dir='ltr'>antecedentibus</span> <span class='ocrx_word' id='word_1_109' title='bbox 1342 1878 1395 1944; x_wconf 90' lang='lat' dir='ltr'>vel</span> <span class='ocrx_word' id='word_1_110' title='bbox 1419 1899 1471 1942; x_wconf 86' lang='lat' dir='ltr'>ex·</span> 
     </span>
     <span class='ocr_line' id='line_1_15' title="bbox 311 1983 1150 2070; baseline -0.001 -21"><span class='ocrx_word' id='word_1_111' title='bbox 311 1985 423 2064; x_wconf 82' lang='lat' dir='ltr'>ternis,</span> <span class='ocrx_word' id='word_1_112' title='bbox 448 1983 507 2050; x_wconf 89' lang='lat' dir='ltr'>sed</span> <span class='ocrx_word' id='word_1_113' title='bbox 532 1985 677 2070; x_wconf 88' lang='lat' dir='ltr'>quaein</span> <span class='ocrx_word' id='word_1_114' title='bbox 701 1983 796 2049; x_wconf 91' lang='lat' dir='ltr'>uobis</span> <span class='ocrx_word' id='word_1_115' title='bbox 820 1984 901 2069; x_wconf 88' lang='lat' dir='ltr'>ipsis</span> <span class='ocrx_word' id='word_1_116' title='bbox 925 1985 1051 2069; x_wconf 87' lang='lat' dir='ltr'>positae</span> <span class='ocrx_word' id='word_1_117' title='bbox 1075 1985 1150 2050; x_wconf 91' lang='lat' dir='ltr'>sint.</span> 
     </span>
    </p>
   </div>
   <div class='ocr_carea' id='block_1_3' title="bbox 308 2108 1474 3565">
    <p class='ocr_par' dir='ltr' id='par_1_3' title="bbox 308 2108 1474 3565">
     <span class='ocr_line' id='line_1_16' title="bbox 413 2108 1473 2195; baseline -0.003 -20"><span class='ocrx_word' id='word_1_118' title='bbox 413 2109 554 2175; x_wconf 88' lang='lat' dir='ltr'>Ineunte</span> <span class='ocrx_word' id='word_1_119' title='bbox 577 2109 679 2194; x_wconf 89' lang='lat' dir='ltr'>igitur</span> <span class='ocrx_word' id='word_1_120' title='bbox 713 2109 800 2194; x_wconf 74' lang='lat'>§26</span> <span class='ocrx_word' id='word_1_121' title='bbox 824 2109 951 2175; x_wconf 90' lang='lat' dir='ltr'>verbis:</span> <span class='ocrx_word' id='word_1_122' title='bbox 985 2109 1106 2188; x_wconf 71' lang='lat' dir='ltr'>„Quod</span> <span class='ocrx_word' id='word_1_123' title='bbox 1129 2130 1207 2174; x_wconf 89' lang='lat' dir='ltr'>cum</span> <span class='ocrx_word' id='word_1_124' title='bbox 1239 2109 1286 2174; x_wconf 88' lang='lat' dir='ltr'>ita</span> <span class='ocrx_word' id='word_1_125' title='bbox 1309 2110 1360 2187; x_wconf 88' lang='lat' dir='ltr'>sit,</span> <span class='ocrx_word' id='word_1_126' title='bbox 1390 2108 1473 2195; x_wconf 92' lang='lat' dir='ltr'>quid</span> 
     </span>
     <span class='ocr_line' id='line_1_17' title="bbox 308 2215 1471 2302; baseline -0.001 -21"><span class='ocrx_word' id='word_1_127' title='bbox 308 2223 365 2294; x_wconf 76' lang='lat' dir='ltr'>est,</span> <span class='ocrx_word' id='word_1_128' title='bbox 391 2237 450 2281; x_wconf 93' lang='lat' dir='ltr'>cur</span> <span class='ocrx_word' id='word_1_129' title='bbox 473 2238 540 2280; x_wconf 93' lang='lat' dir='ltr'>non</span> <span class='ocrx_word' id='word_1_130' title='bbox 564 2216 673 2282; x_wconf 89' lang='lat' dir='ltr'>omnis</span> <span class='ocrx_word' id='word_1_131' title='bbox 704 2216 932 2302; x_wconf 88' lang='lat' dir='ltr'>pronuntiatio</span> <span class='ocrx_word' id='word_1_132' title='bbox 956 2215 1014 2281; x_wconf 83' lang='lat' dir='ltr'>aut</span> <span class='ocrx_word' id='word_1_133' title='bbox 1039 2239 1118 2283; x_wconf 87' lang='lat' dir='ltr'>vcra</span> <span class='ocrx_word' id='word_1_134' title='bbox 1141 2222 1200 2281; x_wconf 90' lang='lat' dir='ltr'>aut</span> <span class='ocrx_word' id='word_1_135' title='bbox 1231 2217 1315 2281; x_wconf 78' lang='lat' dir='ltr'>falsa</span> <span class='ocrx_word' id='word_1_136' title='bbox 1338 2216 1471 2294; x_wconf 78' lang='lat' dir='ltr'>sitnisi</span> 
     </span>
     <span class='ocr_line' id='line_1_18' title="bbox 308 2323 1470 2409; baseline 0 -22"><span class='ocrx_word' id='word_1_137' title='bbox 308 2323 568 2388; x_wconf 84' lang='lat' dir='ltr'>concesserimus</span> <span class='ocrx_word' id='word_1_138' title='bbox 591 2324 659 2388; x_wconf 80' lang='lat' dir='ltr'>fato</span> <span class='ocrx_word' id='word_1_139' title='bbox 683 2323 754 2388; x_wconf 91' lang='lat' dir='ltr'>fieri</span> <span class='ocrx_word' id='word_1_140' title='bbox 789 2344 1011 2409; x_wconf 90' lang='lat' dir='ltr'>quaecunque</span> <span class='ocrx_word' id='word_1_141' title='bbox 1044 2323 1146 2388; x_wconf 83' lang='lat' dir='ltr'>fiant“</span> <span class='ocrx_word' id='word_1_142' title='bbox 1171 2323 1354 2389; x_wconf 88' lang='lat' dir='ltr'>Carneadis</span> <span class='ocrx_word' id='word_1_143' title='bbox 1377 2345 1470 2408; x_wconf 89' lang='lat' dir='ltr'>argu-</span> 
     </span>
     <span class='ocr_line' id='line_1_19' title="bbox 308 2430 1471 2516; baseline 0 -22"><span class='ocrx_word' id='word_1_144' title='bbox 308 2431 468 2494; x_wconf 89' lang='lat' dir='ltr'>mentatio</span> <span class='ocrx_word' id='word_1_145' title='bbox 501 2430 596 2494; x_wconf 92' lang='lat' dir='ltr'>finita</span> <span class='ocrx_word' id='word_1_146' title='bbox 629 2437 696 2508; x_wconf 86' lang='lat' dir='ltr'>est;</span> <span class='ocrx_word' id='word_1_147' title='bbox 729 2431 880 2515; x_wconf 90' lang='lat' dir='ltr'>sequitur</span> <span class='ocrx_word' id='word_1_148' title='bbox 912 2430 1091 2516; x_wconf 79' lang='lat' dir='ltr'>Chrysippi</span> <span class='ocrx_word' id='word_1_149' title='bbox 1115 2438 1230 2496; x_wconf 90' lang='lat' dir='ltr'>contra</span> <span class='ocrx_word' id='word_1_150' title='bbox 1252 2431 1340 2496; x_wconf 92' lang='lat' dir='ltr'>hanc</span> <span class='ocrx_word' id='word_1_151' title='bbox 1362 2431 1471 2516; x_wconf 90' lang='lat' dir='ltr'>ipsam</span> 
     </span>
     <span class='ocr_line' id='line_1_20' title="bbox 309 2536 1473 2624; baseline 0.001 -23"><span class='ocrx_word' id='word_1_152' title='bbox 309 2536 489 2602; x_wconf 89' lang='lat' dir='ltr'>Carneadis</span> <span class='ocrx_word' id='word_1_153' title='bbox 505 2537 697 2623; x_wconf 88' lang='lat' dir='ltr'>opinionem</span> <span class='ocrx_word' id='word_1_154' title='bbox 713 2536 872 2602; x_wconf 79' lang='lat' dir='ltr'>defensio.</span> <span class='ocrx_word' id='word_1_155' title='bbox 908 2538 983 2604; x_wconf 94' lang='lat' dir='ltr'>Hoc</span> <span class='ocrx_word' id='word_1_156' title='bbox 999 2538 1071 2602; x_wconf 91' lang='lat' dir='ltr'>loco</span> <span class='ocrx_word' id='word_1_157' title='bbox 1087 2538 1190 2622; x_wconf 92' lang='lat' dir='ltr'>igitur</span> <span class='ocrx_word' id='word_1_158' title='bbox 1205 2560 1227 2624; x_wconf 92' lang='lat' dir='ltr'>p</span> <span class='ocrx_word' id='word_1_159' title='bbox 1240 2539 1397 2602; x_wconf 88' lang='lat' dir='ltr'>rimam</span> <span class='ocrx_word' id='word_1_160' title='bbox 1414 2544 1473 2602; x_wconf 90' lang='lat' dir='ltr'>sta·</span> 
     </span>
     <span class='ocr_line' id='line_1_21' title="bbox 310 2643 1474 2729; baseline 0.001 -21"><span class='ocrx_word' id='word_1_161' title='bbox 310 2649 442 2708; x_wconf 91' lang='lat' dir='ltr'>tuemus</span> <span class='ocrx_word' id='word_1_162' title='bbox 457 2650 746 2729; x_wconf 89' lang='lat' dir='ltr'>partemesse</span> <span class='ocrx_word' id='word_1_163' title='bbox 764 2645 1027 2708; x_wconf 79' lang='lat' dir='ltr'>contectam.</span> <span class='ocrx_word' id='word_1_164' title='bbox 1046 2643 1474 2722; x_wconf 83' lang='lat' dir='ltr'>ErravitenimSchmekel,</span> 
     </span>
     <span class='ocr_line' id='line_1_22' title="bbox 309 2749 1473 2837; baseline 0.002 -23"><span class='ocrx_word' id='word_1_165' title='bbox 309 2751 337 2815; x_wconf 91' lang='lat' dir='ltr'>si</span> <span class='ocrx_word' id='word_1_166' title='bbox 350 2772 436 2836; x_wconf 90' lang='lat' dir='ltr'>quae</span> <span class='ocrx_word' id='word_1_167' title='bbox 448 2750 526 2815; x_wconf 93' lang='lat' dir='ltr'>inde</span> <span class='ocrx_word' id='word_1_168' title='bbox 542 2772 562 2814; x_wconf 93' lang='lat' dir='ltr'>a</span> <span class='ocrx_word' id='word_1_169' title='bbox 577 2749 599 2835; x_wconf 64' lang='grc' dir='ltr'>ξ</span> <span class='ocrx_word' id='word_1_170' title='bbox 615 2751 655 2814; x_wconf 79' lang='grc'>27</span> <span class='ocrx_word' id='word_1_171' title='bbox 676 2756 864 2836; x_wconf 92' lang='lat' dir='ltr'>sequuntur</span> <span class='ocrx_word' id='word_1_172' title='bbox 876 2771 953 2815; x_wconf 89' lang='lat' dir='ltr'>cum</span> <span class='ocrx_word' id='word_1_173' title='bbox 971 2751 1027 2827; x_wconf 83' lang='lat' dir='ltr'>eis,</span> <span class='ocrx_word' id='word_1_174' title='bbox 1045 2772 1131 2837; x_wconf 89' lang='lat' dir='ltr'>quae</span> <span class='ocrx_word' id='word_1_175' title='bbox 1144 2757 1259 2815; x_wconf 88' lang='lat' dir='ltr'>contra</span> <span class='ocrx_word' id='word_1_176' title='bbox 1270 2751 1473 2836; x_wconf 90' lang='lat' dir='ltr'>principium</span> 
     </span>
     <span class='ocr_line' id='line_1_23' title="bbox 309 2855 1471 2945; baseline -0.002 -22"><span class='ocrx_word' id='word_1_177' title='bbox 309 2858 426 2943; x_wconf 87' lang='lat' dir='ltr'>capitis</span> <span class='ocrx_word' id='word_1_178' title='bbox 437 2857 557 2922; x_wconf 89' lang='lat' dir='ltr'>decimi</span> <span class='ocrx_word' id='word_1_179' title='bbox 566 2857 690 2922; x_wconf 87' lang='lat' dir='ltr'>directa</span> <span class='ocrx_word' id='word_1_180' title='bbox 698 2862 785 2936; x_wconf 84' lang='lat' dir='ltr'>sunt,</span> <span class='ocrx_word' id='word_1_181' title='bbox 798 2855 854 2943; x_wconf 58' lang='grc' dir='ltr'>(ἐξ</span> <span class='ocrx_word' id='word_1_182' title='bbox 863 2857 1005 2944; x_wconf 72' lang='lat'><strong>23-25)</strong></span> <span class='ocrx_word' id='word_1_183' title='bbox 1012 2858 1187 2922; x_wconf 87' lang='lat' dir='ltr'>cohaerere</span> <span class='ocrx_word' id='word_1_184' title='bbox 1200 2858 1331 2943; x_wconf 83' lang='lat' dir='ltr'>putavit</span> <span class='ocrx_word' id='word_1_185' title='bbox 1337 2857 1383 2945; x_wconf 87' lang='lat' dir='ltr'>(p.</span> <span class='ocrx_word' id='word_1_186' title='bbox 1396 2859 1471 2924; x_wconf 83' lang='lat'>169:</span> 
     </span>
     <span class='ocr_line' id='line_1_24' title="bbox 310 2963 1473 3050; baseline 0 -20"><span class='ocrx_word' id='word_1_187' title='bbox 310 2965 426 3030; x_wconf 86' lang='lat' dir='ltr'>Dieser</span> <span class='ocrx_word' id='word_1_188' title='bbox 448 2964 636 3042; x_wconf 77' lang='lat' dir='ltr'>Abschnitt</span> <span class='ocrx_word' id='word_1_189' title='bbox 661 2964 706 3050; x_wconf 59' lang='grc' dir='ltr'>ἐξ</span> <span class='ocrx_word' id='word_1_190' title='bbox 731 2965 772 3028; x_wconf 88' lang='grc'>23</span> <span class='ocrx_word' id='word_1_191' title='bbox 781 2965 872 3042; x_wconf 80' lang='grc'>--28,</span> <span class='ocrx_word' id='word_1_192' title='bbox 906 2963 1009 3029; x_wconf 90' lang='lat' dir='ltr'>bildet</span> <span class='ocrx_word' id='word_1_193' title='bbox 1033 2965 1132 3030; x_wconf 92' lang='lat' dir='ltr'>somit</span> <span class='ocrx_word' id='word_1_194' title='bbox 1166 2965 1239 3030; x_wconf 91' lang='lat' dir='ltr'>eine</span> <span class='ocrx_word' id='word_1_195' title='bbox 1263 2965 1473 3030; x_wconf 87' lang='lat' dir='ltr'>einheitliche</span> 
     </span>
     <span class='ocr_line' id='line_1_25' title="bbox 308 3070 1472 3158; baseline 0 -22"><span class='ocrx_word' id='word_1_196' title='bbox 308 3070 533 3158; x_wconf 79' lang='lat' dir='ltr'>Erbrtcrung).</span> <span class='ocrx_word' id='word_1_197' title='bbox 582 3071 679 3137; x_wconf 87' lang='lat' dir='ltr'>Dicta</span> <span class='ocrx_word' id='word_1_198' title='bbox 703 3078 782 3136; x_wconf 89' lang='lat' dir='ltr'>suut</span> <span class='ocrx_word' id='word_1_199' title='bbox 806 3077 921 3136; x_wconf 89' lang='lat' dir='ltr'>contra</span> <span class='ocrx_word' id='word_1_200' title='bbox 945 3092 993 3150; x_wconf 88' lang='lat' dir='ltr'>ea,</span> <span class='ocrx_word' id='word_1_201' title='bbox 1019 3093 1105 3157; x_wconf 91' lang='lat' dir='ltr'>quae</span> <span class='ocrx_word' id='word_1_202' title='bbox 1128 3072 1150 3158; x_wconf 67' lang='grc' dir='ltr'>ξ</span> <span class='ocrx_word' id='word_1_203' title='bbox 1174 3073 1215 3136; x_wconf 83' lang='grc'>26</span> <span class='ocrx_word' id='word_1_204' title='bbox 1240 3093 1260 3136; x_wconf 91' lang='lat' dir='ltr'>a</span> <span class='ocrx_word' id='word_1_205' title='bbox 1284 3071 1472 3158; x_wconf 82' lang='lat' dir='ltr'>Chrysippo</span> 
     </span>
     <span class='ocr_line' id='line_1_26' title="bbox 309 3177 1473 3263; baseline -0.001 -20"><span class='ocrx_word' id='word_1_206' title='bbox 309 3177 472 3243; x_wconf 83' lang='lat' dir='ltr'>Carneadi</span> <span class='ocrx_word' id='word_1_207' title='bbox 496 3184 729 3263; x_wconf 89' lang='lat' dir='ltr'>opponuntur;</span> <span class='ocrx_word' id='word_1_208' title='bbox 754 3199 858 3263; x_wconf 87' lang='lat' dir='ltr'>quare</span> <span class='ocrx_word' id='word_1_209' title='bbox 888 3179 971 3243; x_wconf 82' lang='lat' dir='ltr'>falso</span> <span class='ocrx_word' id='word_1_210' title='bbox 1004 3178 1163 3244; x_wconf 89' lang='lat' dir='ltr'>vicesima</span> <span class='ocrx_word' id='word_1_211' title='bbox 1195 3184 1312 3245; x_wconf 92' lang='lat' dir='ltr'>octava</span> <span class='ocrx_word' id='word_1_212' title='bbox 1336 3178 1473 3243; x_wconf 91' lang='lat' dir='ltr'>demum</span> 
     </span>
     <span class='ocr_line' id='line_1_27' title="bbox 308 3284 1473 3372; baseline 0 -22"><span class='ocrx_word' id='word_1_213' title='bbox 308 3285 518 3372; x_wconf 84' lang='lat' dir='ltr'>paragrapho</span> <span class='ocrx_word' id='word_1_214' title='bbox 553 3285 641 3350; x_wconf 90' lang='lat' dir='ltr'>hanc</span> <span class='ocrx_word' id='word_1_215' title='bbox 675 3290 805 3371; x_wconf 90' lang='lat' dir='ltr'>partem</span> <span class='ocrx_word' id='word_1_216' title='bbox 840 3284 970 3349; x_wconf 87' lang='lat' dir='ltr'>finitam</span> <span class='ocrx_word' id='word_1_217' title='bbox 1007 3307 1078 3350; x_wconf 90' lang='lat' dir='ltr'>esse</span> <span class='ocrx_word' id='word_1_218' title='bbox 1111 3286 1224 3352; x_wconf 91' lang='lat' dir='ltr'>voluit.</span> <span class='ocrx_word' id='word_1_219' title='bbox 1274 3284 1473 3352; x_wconf 90' lang='lat' dir='ltr'>Videbimus</span> 
     </span>
     <span class='ocr_line' id='line_1_28' title="bbox 310 3389 1473 3478; baseline -0.003 -20"><span class='ocrx_word' id='word_1_220' title='bbox 310 3394 400 3458; x_wconf 83' lang='lat' dir='ltr'>enim</span> <span class='ocrx_word' id='word_1_221' title='bbox 432 3392 510 3456; x_wconf 92' lang='lat' dir='ltr'>inde</span> <span class='ocrx_word' id='word_1_222' title='bbox 534 3413 554 3456; x_wconf 90' lang='lat' dir='ltr'>a</span> <span class='ocrx_word' id='word_1_223' title='bbox 576 3391 598 3477; x_wconf 67' lang='grc' dir='ltr'>ξ</span> <span class='ocrx_word' id='word_1_224' title='bbox 622 3393 663 3455; x_wconf 81' lang='grc'>27</span> <span class='ocrx_word' id='word_1_225' title='bbox 688 3389 725 3477; x_wconf 86' lang='lat' dir='ltr'>(c.</span> <span class='ocrx_word' id='word_1_226' title='bbox 755 3392 809 3478; x_wconf 83' lang='grc'>12)</span> <span class='ocrx_word' id='word_1_227' title='bbox 833 3391 931 3476; x_wconf 90' lang='lat' dir='ltr'>plane</span> <span class='ocrx_word' id='word_1_228' title='bbox 958 3413 1063 3458; x_wconf 89' lang='lat' dir='ltr'>novas</span> <span class='ocrx_word' id='word_1_229' title='bbox 1097 3414 1117 3457; x_wconf 91' lang='lat' dir='ltr'>a</span> <span class='ocrx_word' id='word_1_230' title='bbox 1140 3391 1310 3457; x_wconf 89' lang='lat' dir='ltr'>Carneade</span> <span class='ocrx_word' id='word_1_231' title='bbox 1333 3393 1473 3478; x_wconf 81' lang='lat' dir='ltr'>proferri</span> 
     </span>
     <span class='ocr_line' id='line_1_29' title="bbox 310 3499 463 3565; baseline -0.013 -1"><span class='ocrx_word' id='word_1_232' title='bbox 310 3499 463 3565; x_wconf 89' lang='lat' dir='ltr'>rationes.</span> 
     </span>
    </p>
   </div>
   <div class='ocr_carea' id='block_1_4' title="bbox 265 3622 1471 4672">
    <p class='ocr_par' dir='ltr' id='par_1_4' title="bbox 265 3622 1471 4672">
     <span class='ocr_line' id='line_1_30' title="bbox 417 3622 1470 3708; baseline 0 -20"><span class='ocrx_word' id='word_1_233' title='bbox 417 3624 482 3688; x_wconf 85' lang='lat' dir='ltr'>Sed</span> <span class='ocrx_word' id='word_1_234' title='bbox 506 3622 748 3688; x_wconf 89' lang='lat' dir='ltr'>sententiarum</span> <span class='ocrx_word' id='word_1_235' title='bbox 771 3644 985 3708; x_wconf 89' lang='lat' dir='ltr'>progressum</span> <span class='ocrx_word' id='word_1_236' title='bbox 1019 3623 1205 3688; x_wconf 89' lang='lat' dir='ltr'>accuratius</span> <span class='ocrx_word' id='word_1_237' title='bbox 1230 3623 1470 3688; x_wconf 87' lang='lat' dir='ltr'>examinemus.</span> 
     </span>
     <span class='ocr_line' id='line_1_31' title="bbox 309 3729 1469 3815; baseline 0 -19"><span class='ocrx_word' id='word_1_238' title='bbox 309 3730 465 3798; x_wconf 90' lang='lat' dir='ltr'>Vidimus</span> <span class='ocrx_word' id='word_1_239' title='bbox 490 3729 696 3795; x_wconf 86' lang='lat' dir='ltr'>Carneadem</span> <span class='ocrx_word' id='word_1_240' title='bbox 721 3730 835 3795; x_wconf 89' lang='lat' dir='ltr'>omnia</span> <span class='ocrx_word' id='word_1_241' title='bbox 858 3730 1003 3815; x_wconf 89' lang='lat' dir='ltr'>pendere</span> <span class='ocrx_word' id='word_1_242' title='bbox 1035 3730 1180 3795; x_wconf 90' lang='lat' dir='ltr'>acausis</span> <span class='ocrx_word' id='word_1_243' title='bbox 1196 3730 1469 3796; x_wconf 84' lang='lat' dir='ltr'>antecedentibus</span> 
     </span>
     <span class='ocr_line' id='line_1_32' title="bbox 309 3836 1470 3924; baseline 0 -22"><span class='ocrx_word' id='word_1_244' title='bbox 309 3859 440 3924; x_wconf 74' lang='lat' dir='ltr'>negare,</span> <span class='ocrx_word' id='word_1_245' title='bbox 466 3836 557 3923; x_wconf 88' lang='lat' dir='ltr'>quod</span> <span class='ocrx_word' id='word_1_246' title='bbox 581 3836 800 3924; x_wconf 73' lang='lat' dir='ltr'>Chrysippus,</span> <span class='ocrx_word' id='word_1_247' title='bbox 825 3858 902 3902; x_wconf 91' lang='lat' dir='ltr'>cum</span> <span class='ocrx_word' id='word_1_248' title='bbox 926 3858 994 3901; x_wconf 91' lang='lat' dir='ltr'>una</span> <span class='ocrx_word' id='word_1_249' title='bbox 1018 3858 1096 3902; x_wconf 90' lang='lat' dir='ltr'>cum</span> <span class='ocrx_word' id='word_1_250' title='bbox 1120 3837 1228 3902; x_wconf 90' lang='lat' dir='ltr'>causis</span> <span class='ocrx_word' id='word_1_251' title='bbox 1251 3836 1470 3902; x_wconf 91' lang='lat' dir='ltr'>antecedenti-</span> 
     </span>
     <span class='ocr_line' id='line_1_33' title="bbox 309 3944 1470 4029; baseline 0.002 -19"><span class='ocrx_word' id='word_1_252' title='bbox 309 3946 372 4011; x_wconf 91' lang='lat' dir='ltr'>bus</span> <span class='ocrx_word' id='word_1_253' title='bbox 396 3945 495 4010; x_wconf 88' lang='lat' dir='ltr'>etiam</span> <span class='ocrx_word' id='word_1_254' title='bbox 518 3945 627 4009; x_wconf 78' lang='lat' dir='ltr'>fatum</span> <span class='ocrx_word' id='word_1_255' title='bbox 651 3944 799 4009; x_wconf 90' lang='lat' dir='ltr'>subverti</span> <span class='ocrx_word' id='word_1_256' title='bbox 821 3944 1035 4029; x_wconf 81' lang='lat' dir='ltr'>intellegeret,</span> <span class='ocrx_word' id='word_1_257' title='bbox 1059 3965 1128 4008; x_wconf 92' lang='lat' dir='ltr'>non</span> <span class='ocrx_word' id='word_1_258' title='bbox 1150 3944 1258 4029; x_wconf 93' lang='lat' dir='ltr'>potuit</span> <span class='ocrx_word' id='word_1_259' title='bbox 1281 3944 1470 4012; x_wconf 87' lang='lat' dir='ltr'>concedere.</span> 
     </span>
     <span class='ocr_line' id='line_1_34' title="bbox 265 4050 1471 4137; baseline -0.002 -19"><span class='ocrx_word' id='word_1_260' title='bbox 265 4050 267 4054; x_wconf 73' lang='grc'><strong>’</strong></span> <span class='ocrx_word' id='word_1_261' title='bbox 309 4053 426 4137; x_wconf 90' lang='lat' dir='ltr'>Itaque</span> <span class='ocrx_word' id='word_1_262' title='bbox 450 4052 513 4116; x_wconf 94' lang='lat' dir='ltr'>hac</span> <span class='ocrx_word' id='word_1_263' title='bbox 536 4051 593 4118; x_wconf 71' lang='lat' dir='ltr'>ua</span> <span class='ocrx_word' id='word_1_264' title='bbox 616 4050 779 4115; x_wconf 86' lang='lat' dir='ltr'>Carneadi</span> <span class='ocrx_word' id='word_1_265' title='bbox 796 4051 955 4115; x_wconf 89' lang='lat' dir='ltr'>occurrit:</span> <span class='ocrx_word' id='word_1_266' title='bbox 982 4052 1212 4136; x_wconf 70' lang='lat' dir='ltr'>Quaecunque</span> <span class='ocrx_word' id='word_1_267' title='bbox 1229 4072 1280 4116; x_wconf 90' lang='lat' dir='ltr'>res</span> <span class='ocrx_word' id='word_1_268' title='bbox 1296 4052 1391 4129; x_wconf 83' lang='lat' dir='ltr'>fiunt,</span> <span class='ocrx_word' id='word_1_269' title='bbox 1417 4074 1471 4116; x_wconf 90' lang='lat' dir='ltr'>eas</span> 
     </span>
     <span class='ocr_line' id='line_1_35' title="bbox 309 4158 1469 4244; baseline -0.002 -20"><span class='ocrx_word' id='word_1_270' title='bbox 309 4166 490 4244; x_wconf 89' lang='lat' dir='ltr'>antequam</span> <span class='ocrx_word' id='word_1_271' title='bbox 523 4158 680 4224; x_wconf 90' lang='lat' dir='ltr'>eveniant</span> <span class='ocrx_word' id='word_1_272' title='bbox 703 4179 798 4223; x_wconf 89' lang='lat' dir='ltr'>veras</span> <span class='ocrx_word' id='word_1_273' title='bbox 822 4158 924 4222; x_wconf 81' lang='lat' dir='ltr'>fuisse</span> <span class='ocrx_word' id='word_1_274' title='bbox 957 4159 1086 4222; x_wconf 80' lang='lat' dir='ltr'>futuras</span> <span class='ocrx_word' id='word_1_275' title='bbox 1119 4164 1378 4223; x_wconf 87' lang='lat' dir='ltr'>consentaneum</span> <span class='ocrx_word' id='word_1_276' title='bbox 1412 4165 1469 4224; x_wconf 90' lang='lat' dir='ltr'>est.</span> 
     </span>
     <span class='ocr_line' id='line_1_36' title="bbox 309 4264 1470 4350; baseline 0 -19"><span class='ocrx_word' id='word_1_277' title='bbox 309 4267 421 4332; x_wconf 88' lang='lat' dir='ltr'>Priore</span> <span class='ocrx_word' id='word_1_278' title='bbox 444 4265 546 4350; x_wconf 87' lang='lat' dir='ltr'>igitur</span> <span class='ocrx_word' id='word_1_279' title='bbox 568 4265 636 4329; x_wconf 90' lang='lat' dir='ltr'>iam</span> <span class='ocrx_word' id='word_1_280' title='bbox 671 4271 829 4350; x_wconf 84' lang='lat' dir='ltr'>tempore,</span> <span class='ocrx_word' id='word_1_281' title='bbox 855 4287 921 4350; x_wconf 92' lang='lat' dir='ltr'>quo</span> <span class='ocrx_word' id='word_1_282' title='bbox 945 4264 1097 4329; x_wconf 90' lang='lat' dir='ltr'>nondum</span> <span class='ocrx_word' id='word_1_283' title='bbox 1131 4271 1319 4344; x_wconf 77' lang='lat' dir='ltr'>evenerant,</span> <span class='ocrx_word' id='word_1_284' title='bbox 1353 4287 1470 4331; x_wconf 90' lang='lat' dir='ltr'>causas</span> 
     </span>
     <span class='ocr_line' id='line_1_37' title="bbox 309 4371 1469 4457; baseline 0 -19"><span class='ocrx_word' id='word_1_285' title='bbox 309 4394 424 4439; x_wconf 91' lang='lat' dir='ltr'>earum</span> <span class='ocrx_word' id='word_1_286' title='bbox 448 4372 549 4437; x_wconf 83' lang='lat' dir='ltr'>tuisse</span> <span class='ocrx_word' id='word_1_287' title='bbox 572 4393 706 4437; x_wconf 90' lang='lat' dir='ltr'>necesse</span> <span class='ocrx_word' id='word_1_288' title='bbox 730 4378 789 4450; x_wconf 78' lang='lat' dir='ltr'>est,</span> <span class='ocrx_word' id='word_1_289' title='bbox 815 4371 1000 4436; x_wconf 90' lang='lat' dir='ltr'>secundum</span> <span class='ocrx_word' id='word_1_290' title='bbox 1024 4393 1107 4457; x_wconf 91' lang='lat' dir='ltr'>quas</span> <span class='ocrx_word' id='word_1_291' title='bbox 1132 4377 1246 4457; x_wconf 90' lang='lat' dir='ltr'>postea</span> <span class='ocrx_word' id='word_1_292' title='bbox 1262 4373 1394 4439; x_wconf 89' lang='lat' dir='ltr'>evenire</span> <span class='ocrx_word' id='word_1_293' title='bbox 1418 4373 1469 4438; x_wconf 90' lang='lat' dir='ltr'>de-</span> 
     </span>
     <span class='ocr_line' id='line_1_38' title="bbox 309 4478 1469 4564; baseline -0.001 -19"><span class='ocrx_word' id='word_1_294' title='bbox 309 4479 440 4546; x_wconf 91' lang='lat' dir='ltr'>bebant.</span> <span class='ocrx_word' id='word_1_295' title='bbox 487 4480 540 4542; x_wconf 82' lang='lat' dir='ltr'>Ex</span> <span class='ocrx_word' id='word_1_296' title='bbox 556 4500 623 4564; x_wconf 91' lang='lat' dir='ltr'>quo</span> <span class='ocrx_word' id='word_1_297' title='bbox 636 4479 786 4563; x_wconf 91' lang='lat' dir='ltr'>sequitur</span> <span class='ocrx_word' id='word_1_298' title='bbox 801 4478 874 4543; x_wconf 86' lang='lat' dir='ltr'>illas</span> <span class='ocrx_word' id='word_1_299' title='bbox 898 4499 949 4543; x_wconf 86' lang='lat' dir='ltr'>res</span> <span class='ocrx_word' id='word_1_300' title='bbox 966 4479 1074 4544; x_wconf 90' lang='lat' dir='ltr'>causis</span> <span class='ocrx_word' id='word_1_301' title='bbox 1091 4479 1177 4544; x_wconf 80' lang='lat' dir='ltr'>effici</span> <span class='ocrx_word' id='word_1_302' title='bbox 1200 4480 1469 4544; x_wconf 89' lang='lat' dir='ltr'>anteceden-</span> 
     </span>
     <span class='ocr_line' id='line_1_39' title="bbox 309 4585 1469 4672; baseline -0.002 -19"><span class='ocrx_word' id='word_1_303' title='bbox 309 4587 441 4654; x_wconf 85' lang='lat' dir='ltr'>tibus</span> <span class='ocrx_word' id='word_1_304' title='bbox 489 4586 606 4671; x_wconf 86' lang='lat' dir='ltr'>Itaque</span> <span class='ocrx_word' id='word_1_305' title='bbox 630 4585 786 4650; x_wconf 90' lang='lat' dir='ltr'>omnibus</span> <span class='ocrx_word' id='word_1_306' title='bbox 810 4585 909 4650; x_wconf 86' lang='lat' dir='ltr'>rebus</span> <span class='ocrx_word' id='word_1_307' title='bbox 933 4607 1002 4652; x_wconf 91' lang='lat' dir='ltr'>non</span> <span class='ocrx_word' id='word_1_308' title='bbox 1025 4592 1166 4672; x_wconf 91' lang='lat' dir='ltr'>possunt</span> <span class='ocrx_word' id='word_1_309' title='bbox 1182 4607 1300 4652; x_wconf 89' lang='lat' dir='ltr'>causae</span> <span class='ocrx_word' id='word_1_310' title='bbox 1322 4609 1391 4652; x_wconf 91' lang='lat' dir='ltr'>non</span> <span class='ocrx_word' id='word_1_311' title='bbox 1415 4608 1469 4652; x_wconf 90' lang='lat' dir='ltr'>an·</span> 
     </span>
    </p>
   </div>
   <div class='ocr_carea' id='block_1_5' title="bbox 0 0 1644 5428">
    <p class='ocr_par' dir='ltr' id='par_1_5' title="bbox 0 0 1644 5428">
     <span class='ocr_line' id='line_1_40' title="bbox 0 0 1644 5428; baseline 0 0"><span class='ocrx_word' id='word_1_312' title='bbox 0 0 1644 5428; x_wconf 95' lang='lat' dir='ltr'> </span> 
     </span>
    </p>
   </div>
  </div>
 </body>
</html>
