3274 5434
666 423 887 488 ..19-

298 636 454 702 Vidimus
489 659 528 701 ea
563 636 699 721 quidem
737 636 990 723 §hexempla
1027 658 1114 722 quac
1147 636 1218 721 ipse
1242 635 1355 700 Cicero

186 743 394 829 comprobat,
419 744 517 829 plane
550 765 734 828 congruere
768 764 846 808 cum
880 744 937 808 illa
971 744 1106 808 notione
1131 751 1354 826 συμπαθείας,

188 852 327 937 qualem
345 851 530 917 secundum
555 850 695 916 Sextum
718 851 818 916 modo
843 851 1086 916 constituimus.
1134 850 1174 914 In
1198 848 1355 914 omnibus

184 959 277 1024 enim
302 957 387 1022 duae
412 979 463 1022 res
487 964 732 1042 proponuntur,
769 979 855 1042 quae
879 978 948 1022 non
971 965 1040 1022 tam
1064 978 1153 1022 nexu
1178 977 1354 1021 causarum

183 1067 274 1131 inter
282 1087 316 1130 se
324 1065 513 1150 implicatae
522 1071 601 1128 sunt
609 1086 713 1149 quam
726 1064 870 1128 mirabili
884 1064 1031 1150 quodam
1041 1072 1179 1130 naturae
1192 1069 1354 1128 concentu

184 1173 287 1238 simul
319 1173 412 1237 fiunt.
461 1171 572 1256 Atque
596 1171 631 1235 in
656 1170 772 1236 eadem
797 1171 1038 1256 significatione
1070 1171 1277 1255 contagionis
1301 1191 1356 1255 po·

185 1281 252 1345 sita
275 1287 354 1346 sunt
377 1299 463 1364 quae
486 1278 509 1364 ξ
532 1278 552 1342 8
577 1278 657 1360 („Ut
678 1278 781 1363 igitur
815 1278 859 1343 ad
884 1278 1049 1363 quasdam
1074 1299 1125 1343 res
1149 1283 1270 1342 natura
1293 1276 1356 1342 loci

186 1387 333 1473 pertinet
356 1384 493 1471 aliquid,
519 1385 562 1450 ad
586 1385 750 1470 quasdam
787 1393 900 1450 autern
924 1386 1027 1452 nihil:
1051 1385 1097 1451 sic
1121 1391 1287 1450 astrorum
1310 1385 1355 1448 al-

186 1494 285 1559 lectio
309 1493 428 1571 valeat,
453 1493 480 1558 si
503 1492 564 1571 vis,
589 1492 633 1557 ad
650 1493 814 1579 quasdam
839 1499 923 1576 res“)
945 1492 1132 1578 Chrysippo
1150 1492 1264 1556 Cicero
1281 1512 1355 1556 oon·

188 1601 286 1680 cedit,
311 1601 379 1666 scil.
406 1621 476 1666 esse
501 1599 675 1685 quandam
698 1601 863 1666 rationem
886 1601 974 1665 inter
989 1607 1145 1665 naturam
1169 1599 1232 1664 loci
1256 1605 1355 1664 astro·

188 1729 307 1773 rumve
330 1707 542 1794 affectionem
567 1714 599 1772 et
622 1708 770 1792 corporis
802 1707 956 1772 habitum
980 1707 1174 1792 ingeniique
1197 1706 1353 1770 indolem.

191 1815 379 1900 Hucusque
418 1815 521 1899 igitur
556 1814 655 1899 plane
692 1815 806 1879 Cicero
833 1814 952 1879 Stoicis
992 1813 1225 1899 adstipulatur,
1257 1819 1358 1898 atque

188 1922 261 2007 ipse
298 1923 435 1987 ineunte
474 1921 496 2007 ξ
531 1923 551 1986 5
590 1921 700 1988 valere
748 1921 892 1986 alfinnat
937 1926 1076 1986 naturae
1123 1921 1356 2005 contagionem

187 2050 298 2114 neque
322 2050 392 2094 esse
420 2027 611 2093 tollendam.
659 2027 788 2094 Eodem
810 2034 922 2094 autem
936 2028 1007 2094 loco
1025 2035 1127 2113 negat
1140 2028 1213 2092 iure
1236 2026 1356 2092 ducere

187 2135 406 2201 Posidonium
430 2135 664 2220 contagionem
688 2136 758 2203 vim
782 2134 954 2221 quandam
978 2135 1132 2216 fatalem,
1156 2157 1194 2199 ac
1218 2134 1355 2220 perinde

187 2243 210 2328 ξ
236 2245 253 2307 7
279 2241 418 2330 (lamen
454 2263 564 2328 neque
600 2241 684 2307 illud
719 2248 820 2326 tenue
855 2242 984 2307 caelum
1010 2242 1130 2306 alliciet
1153 2280 1195 2289 -
1220 2241 1242 2327 ξ
1268 2243 1354 2306 8...

189 2371 293 2434 quam
317 2348 505 2433 Kalendis.)
538 2350 705 2434 extemplo
739 2348 861 2414 desinit
892 2349 1080 2434 Chrysippo
1111 2349 1274 2426 assentiri,
1299 2348 1357 2413 ubi

189 2457 244 2521 hio
268 2456 404 2541 quidem
428 2478 497 2520 non
521 2457 630 2521 solum
646 2456 752 2521 animi
767 2456 925 2534 indolem,
943 2456 1001 2521 sed
1019 2456 1119 2520 etiarn
1143 2457 1356 2521 actiones

190 2563 367 2628 hominum
391 2563 434 2628 ad
467 2564 701 2648 contagionem
736 2565 845 2628 refert.
893 2562 991 2629 Unde
1026 2563 1177 2648 sequitur
1211 2570 1244 2628 et
1265 2563 1356 2649 apud

190 2670 418 2756 Chrysippum
442 2678 474 2735 et
504 2670 594 2756 apud
619 2670 839 2736 Posidonium
872 2679 1085 2756 συμπαθείας
1120 2670 1290 2735 notionem
1313 2671 1355 2735 la-

190 2777 257 2842 tius
280 2784 393 2862 patere
410 2799 514 2862 quam
529 2777 706 2844 videbatur
722 2777 910 2842 secundum
927 2776 1064 2842 Sextum
1083 2777 1354 2842 constituendum

189 2905 270 2948 esse.
317 2884 486 2949 Nimirum
522 2886 622 2950 etiam
652 2885 823 2950 actionum
857 2905 975 2950 causas
999 2884 1046 2948 illi
1082 2905 1122 2949 ex
1158 2885 1355 2968 contagione

189 2996 328 3056 naturae
352 2992 555 3078 repetebant.

297 3098 397 3176 tluod
421 3100 467 3164 ita
490 3121 525 3164 se
549 3097 671 3164 habere
707 3105 848 3165 testatur
871 3098 1062 3164 Alexander
1086 3097 1356 3184 Aphrodisiensis

190 3232 225 3272 π.
250 3209 341 3297 κρᾶσ.
366 3219 422 3274 καὶ
446 3210 519 3286 αὐξ.
545 3228 571 3270 c.
602 3207 651 3285 12,
676 3230 707 3292 p.
734 3207 808 3285 227,
833 3208 854 3271 5
878 3228 968 3292 sqq:

297 3314 374 3382 lire
403 3313 466 3402 γάρ
491 3327 565 3405 περὶ
593 3317 736 3405 κράσεως
760 3314 873 3395 αὐτοῖς
905 3316 996 3397 λόγος
1029 3316 1086 3382 οὐκ
1109 3315 1146 3381 ἐν
1170 3307 1258 3405 σῖλλῳ
1281 3327 1354 3390 τινί,

189 3421 279 3488 dito?
303 3434 357 3488 καὶ
381 3420 422 3488 ταὶ
454 3434 528 3510 περὶ
555 3431 661 3514 ψυχῆς
677 3425 734 3489 ὑπ’
757 3421 869 3490 αὐτῶν
892 3423 1051 3507 λεγόμενα
1087 3422 1244 3490 ἐντεῦθεν
1267 3417 1355 3511 ἤρτη-

190 3557 247 3596 ται
272 3526 292 3612 ἥ
314 3558 348 3596 τε
372 3531 639 3618 παλυθρύλλησυς
663 3530 774 3609 citroq
797 3535 975 3616 εἱμαρμένη
1006 3537 1063 3594 καὶ
1086 3532 1106 3614 ἡ
1133 3533 1199 3596 τῶν
1222 3529 1356 3597 πάντων

193 3639 333 3727 πρόνοια
359 3638 392 3702 δὲ
418 3636 431 3721 (
455 3636 528 3700 iort.
555 3638 670 3722 rq'vds«
698 3635 819 3723 Bruus)
843 3633 904 3722 τήν
927 3649 1038 3704 πίστιν
1054 3635 1289 3722 λαμβυῖυουσιν,
1307 3635 1356 3702 ἔτι

191 3773 225 3812 τε
255 3745 291 3811 τὸ
323 3755 397 3833 περὶ
422 3743 532 3833 dcxciv
556 3770 588 3809 τε
620 3755 674 3810 καὶ
706 3747 791 3811 θεοῦ
821 3755 877 3810 καὶ
906 3746 926 3828 ἦ
960 3749 1017 3811 τοῦ
1040 3743 1166 3821 παντός
1189 3747 1299 3822 ἕυωσις
1321 3771 1356 3809 σε

192 3864 249 3919 καὶ
273 3851 471 3937 συμπάθεια
494 3849 576 3940 πρός
611 3850 691 3918 αὐτό
717 3871 722 3883 ·
750 3852 862 3918 πάντα
887 3851 949 3936 γάρ
975 3851 1087 3926 αὐτοῖς
1111 3853 1202 3917 ταῦτ’
1228 3850 1314 3916 ἐστὶν
1338 3852 1355 3915 ὅ

192 3960 249 4026 dod
274 3963 330 4044 τῆς
352 3954 429 4046 ὕλης
454 3956 575 4045 διήκων
599 3960 689 4038 θεός.

298 4082 490 4149 Secundum
513 4082 604 4148 hunc
639 4082 742 4166 igitur
774 4082 885 4147 locum
920 4103 960 4147 ex
985 4081 1046 4146 deo
1081 4081 1137 4145 illo
1161 4081 1214 4146 vel
1237 4081 1355 4166 spiritu

191 4191 345 4278 (πνεῦμα,
370 4192 471 4272 θεός),
508 4189 567 4275 qui
601 4196 709 4254 totum
745 4188 910 4253 mundum
946 4194 1130 4273 permanat,
1155 4209 1223 4252 non
1247 4188 1355 4252 solum

192 4299 398 4385 συμπάθεια,
423 4296 605 4362 sedetiam
629 4297 736 4362 fatum
761 4296 929 4380 repetitur.
977 4295 1096 4359 Fatum
1134 4301 1246 4359 autern
1278 4316 1355 4360 cum

192 4413 309 4471 eatena
331 4405 373 4470 sit
389 4411 422 4470 et
444 4405 545 4468 series
561 4425 749 4479 causarum,
768 4403 868 4468 etiarn
892 4402 1128 4467 consecuti
1141 4402 1241 4466 onis
1258 4401 1355 4486 signi-

191 4513 379 4580 ficationem
396 4511 524 4578 Stoicae
537 4510 746 4595 contagionis
767 4510 893 4575 notioni
911 4509 1045 4574 subesse
1062 4508 1224 4575 videmus.
1244 4509 1355 4586 unare

188 4621 220 4708 ‚si
243 4620 319 4706 quis
342 4619 707 4689 hancdefiuitioncm
731 4625 787 4704 τῆς
804 4627 1015 4704 συμπαθείας
1031 4623 1184 4760 ερευὲαυε
1207 4616 1354 4702 aliquam
