3274 5434
774 335 970 401 ·'-6—-

290 554 436 618 quorum
458 531 676 617 consequenti
700 538 849 617 tempore
872 553 952 597 vera
975 530 1038 596 erit
1060 529 1228 608 instantia,
1248 551 1287 594 ea
1307 550 1387 595 vera
1409 526 1454 592 di-

289 647 439 706 cemus.“

399 764 617 830 Concluditnr
639 785 737 850 porro
767 769 836 829 tota
859 763 1039 829 Carneadis
1072 764 1226 829 refutatio
1259 763 1312 827 his
1344 761 1455 829 verbis

291 873 323 960 (ξ
347 873 414 958 28);
441 871 595 951 „Etenim
630 871 691 936 erit
714 871 863 936 confiteri
896 891 1047 936 necesse:
1083 871 1118 935 Si
1140 871 1223 936 haec
1258 869 1453 946 enuntiatio

295 979 414 1044 Veniet
436 979 472 1043 in
495 978 724 1043 Tusculanum
761 977 970 1056 Hortensius,
995 999 1075 1043 vera
1109 983 1261 1054 nonest,
1294 975 1453 1061 sequitur,

291 1092 329 1151 ut
351 1086 436 1151 ialsa
459 1085 509 1150 sit.
558 1086 710 1162 Quorum
733 1085 788 1149 isti
812 1076 843 1170 (i.
869 1106 896 1149 e.
920 1084 1086 1170 Epicurei,
1113 1091 1150 1149 ut
1173 1105 1275 1170 supra
1298 1082 1455 1167 vidimus)

290 1199 450 1258 neutrum
474 1192 600 1270 volunt,
626 1191 716 1277 quod
739 1192 810 1256 fieri
834 1213 902 1256 non
926 1197 1063 1277 potest-‘⁴
1112 1190 1242 1268 Quibus
1273 1189 1383 1257 verbis
1407 1189 1455 1254 Ci-

291 1321 367 1365 cero
402 1299 577 1366 revertitur
615 1297 658 1363 ad
690 1297 825 1362 initium
860 1298 977 1384 capitis
1001 1297 1131 1374 decimi,
1156 1319 1223 1383 quo
1248 1298 1456 1383 Chrysippus

291 1414 420 1472 certam
455 1406 674 1491 stabilemque
707 1405 907 1471 sententiam
940 1413 1096 1490 posuerat
1119 1427 1218 1470 omne
1243 1405 1455 1470 enuntiatum

292 1521 352 1579 aut
375 1536 492 1579 verum
516 1534 587 1578 esse
611 1520 670 1578 aut
692 1513 832 1591 falsum;
858 1511 949 1597 quod
965 1513 1098 1577 axioma
1113 1533 1232 1578 verum
1253 1533 1324 1577 esse
1342 1512 1455 1576 Cicero

293 1621 345 1686 vel
381 1620 568 1686 Carneades
603 1620 702 1705 plane
737 1619 921 1684 confitetur.
968 1619 1090 1704 Aperte
1126 1619 1227 1704 igitur
1261 1619 1313 1684 his
1346 1617 1456 1684 verbis

296 1727 476 1813 disputatio
501 1726 719 1804 concluditur,
749 1725 881 1811 quade
913 1746 1014 1790 causa
1038 1724 1212 1791 Schmekel
1242 1729 1286 1811 (p.
1314 1725 1396 1812 169),
1421 1731 1458 1790 ut

292 1835 360 1900 iam
393 1834 549 1912 diximus,
586 1833 758 1918 usquead
792 1833 883 1896 hunc
916 1832 1026 1897 locum
1062 1833 1206 1917 priorem
1229 1833 1331 1898 totius
1354 1834 1457 1919 partis

293 1941 492 2026 particulam
528 1940 685 2006 extendit.
732 1939 809 2004 Non
839 1938 930 2005 videt
964 1943 1078 2004 tamen
1101 1960 1139 2005 eo
1175 1940 1257 2020 loco,
1294 1962 1361 2026 quo
1396 1962 1456 2006 nos

293 2047 432 2133 quidem
456 2047 599 2134 primam
623 2048 820 2112 incisionem
843 2046 994 2124 fecimus,
1012 2046 1129 2111 eodem
1147 2046 1247 2112 modo
1263 2047 1456 2113 Ciceronem

294 2154 338 2220 ad
361 2155 497 2219 initium
521 2154 756 2239 disputationis
780 2152 896 2233 redire,
922 2174 999 2218 curn
1023 2153 1045 2238 ξ
1068 2154 1110 2218 26
1134 2153 1180 2218 ita
1204 2153 1310 2219 dicat:
1337 2153 1457 2232 „Quod

293 2283 371 2326 curn
395 2262 442 2326 ita
465 2262 516 2337 sit,
542 2261 623 2346 quid
647 2267 705 2338 est,
730 2281 790 2326 cur
812 2282 881 2324 non
905 2260 1015 2325 omnis
1038 2260 1265 2344 pronuntiatio
1298 2267 1357 2326 aut
1379 2282 1458 2327 vera

293 2375 352 2433 aut
375 2368 459 2434 falsa
482 2368 533 2447 sit,
551 2368 615 2433 nisi
631 2367 893 2432 concesserimus
911 2368 979 2432 lato
997 2367 1076 2445 fieri,
1094 2388 1315 2454 quaecunque
1331 2369 1456 2433 fiant?“

294 2477 387 2540 Duas
410 2475 512 2561 igitur
535 2481 645 2562 partes
669 2495 775 2560 usque
800 2473 843 2538 ad
865 2474 887 2558 ξ
911 2475 953 2538 28
977 2473 1146 2538 absolutas
1170 2495 1241 2540 esse
1258 2474 1455 2540 tenebimus.

401 2601 466 2666 Sed
490 2600 667 2668 difficultas
691 2599 857 2685 quaedam
880 2599 988 2664 inesse
1012 2599 1096 2663 mihi
1119 2599 1252 2665 videtur
1281 2600 1316 2663 in
1347 2600 1456 2666 verbis

295 2729 397 2792 supra
419 2707 535 2786 allatis,
560 2706 682 2792 quibus
716 2713 735 2789 5
760 2707 801 2770 28
825 2705 1013 2771 Carneades
1041 2707 1366 2791 argumentationem
1398 2713 1457 2771 ter-

296 2815 410 2880 minat.
459 2813 596 2879 Codices
620 2814 710 2878 enim
734 2834 850 2877 omnes
874 2819 949 2899 post
964 2811 1081 2878 verba:
1108 2813 1172 2891 „Et
1187 2818 1299 2878 tamen
1316 2820 1385 2878 tam
1410 2820 1458 2879 est

295 2920 502 2986 immutabile
525 2927 715 2998 venturum,
741 2941 819 2985 cum
852 2926 901 2984 est
925 2941 1051 2997 verum,
1087 2941 1189 3004 quarn
1222 2920 1372 2999 venisse;
1397 2942 1458 2985 nec

295 3027 337 3094 ob
373 3049 446 3093 earn
481 3049 616 3093 causam
653 3028 760 3091 latum
794 3032 853 3090 aut
887 3026 1066 3091 necessitas
1102 3026 1349 3092 extimescenda
1387 3034 1456 3093 est“

296 3143 440 3223 pergunt
464 3135 639 3214 „etenim.“
664 3170 704 3179 -
731 3133 828 3210 Quod
854 3133 881 3198 si
905 3132 951 3197 ita
975 3133 1106 3219 scripsit
1121 3133 1245 3212 Cicer0,
1263 3134 1457 3200 confirman-

296 3250 350 3308 tur
372 3243 434 3307 hoc
458 3241 629 3307 enuntiato
654 3262 701 3319 ea,
726 3261 812 3326 quae
836 3246 1095 3325 praecesserunt.
1143 3241 1208 3305 Sed
1231 3263 1351 3326 parum
1382 3249 1458 3327 apte

296 3351 416 3414 iterum
440 3347 474 3411 id
498 3354 735 3432 argumentum
758 3346 902 3425 additur,
927 3367 968 3411 ex
983 3369 1050 3432 quo
1078 3353 1146 3412 tota
1170 3347 1351 3432 disputatio
1368 3371 1458 3435 prae-

298 3454 418 3520 cedens
442 3455 572 3539 pendet.
621 3455 795 3518 Praeterea
817 3454 919 3519 verbo
945 3454 1110 3532 „eteni1n“
1135 3476 1252 3519 sensus
1271 3456 1382 3520 existit
1405 3456 1458 3521 ad-

298 3562 447 3639 modum,
480 3561 516 3625 ni
546 3561 650 3638 fallor,
687 3560 872 3625 absurdus:
910 3561 1032 3625 Fatum
1055 3583 1123 3626 non
1147 3561 1367 3627 metuendum
1390 3571 1457 3642 est;

297 3691 394 3734 nam
418 3690 516 3734 omne
540 3668 674 3732 axioma
696 3674 754 3732 aut
777 3689 894 3733 verum
920 3673 969 3732 est
992 3675 1050 3732 aut
1072 3669 1203 3734 falsum.
1251 3670 1385 3735 Etenim
1418 3693 1458 3735 ex

301 3777 375 3863 ipsa
397 3776 459 3841 hac
483 3775 694 3841 conclusione
719 3797 818 3840 omne
842 3775 1054 3840 enuntiatum
1077 3785 1136 3842 aut
1157 3798 1276 3842 verum
1308 3799 1379 3843 esse
1402 3785 1460 3843 aut

298 3884 422 3949 falsum
446 3882 654 3968 Chrysippus
678 3882 896 3948 concludebat
920 3904 1010 3948 esse
1043 3884 1159 3949 iatum.
1207 3885 1318 3960 Quare
1341 3907 1459 3950 censeo

297 3991 447 4067 verbum,
473 3990 563 4075 quod
587 3989 746 4054 traditum
771 3997 830 4068 est,
857 3991 1022 4068 „etenim“
1047 3991 1151 4055 teneri
1176 4013 1243 4056 non
1268 4014 1375 4077 posse,
1401 3992 1459 4058 sed

297 4097 510 4164 scribendum
535 4118 605 4162 esse
632 4096 698 4175 „At
722 4097 844 4176 enim,“
869 4104 906 4162 ut
929 4098 984 4162 hic
1017 4098 1179 4164 efficiatur
1202 4099 1282 4164 ordo
1306 4099 1459 4164 sententi-

298 4226 408 4271 arum:
434 4203 520 4278 Non,
559 4204 639 4288 quia
662 4225 713 4269 res
737 4225 835 4270 verae
858 4227 927 4269 non
956 4204 1069 4270 minus
1093 4227 1170 4270 vere
1202 4207 1333 4271 futurae
1357 4229 1460 4292 quam

300 4311 497 4398 praeteritae
521 4311 790 4395 pronuntiantur,
816 4311 857 4376 ob
882 4333 954 4376 earn
972 4333 1107 4377 eausam
1124 4313 1231 4376 latum
1248 4313 1460 4378 extimescen-

298 4418 378 4483 dum
403 4424 460 4483 est.
509 4418 583 4482 Hae
602 4417 739 4502 quidem
762 4418 798 4483 in
822 4439 856 4484 re
880 4425 967 4483 recte
983 4419 1108 4484 Stoicos
1125 4419 1271 4485 iudicare
1287 4441 1459 4506 negamus.

298 4525 344 4591 At
366 4524 456 4590 enim
480 4523 514 4589 id
538 4524 585 4589 eis
617 4526 911 4591 concedimus
942 4548 1060 4591 ornnes
1093 4528 1380 4612 pronuntiationes
1403 4535 1461 4593 aut
