3274 5434
773 421 990 486 „20-

295 640 366 683 rem
390 617 588 702 contagione
613 617 683 683 fieri
708 616 796 694 dicit,
822 617 904 682 haec
929 639 980 682 res
1004 615 1051 681 illi
1077 637 1146 681 non
1176 637 1198 680 u
1207 637 1259 680 na
1295 637 1373 680 cum
1397 615 1462 679 alia

296 725 438 804 evenire,
472 723 530 790 sed
566 746 607 788 ex
641 724 698 789 illa
732 725 958 810 consequi
988 723 1141 802 videtur3
1175 723 1264 788 idem
1287 723 1390 807 igitur
1412 728 1462 787 est

296 831 413 896 Stoicis
437 829 457 920 ἤ
481 833 679 915 συμπάθεια
704 838 736 896 et
759 834 779 918 ᾖ
803 839 991 922 εἱμαρμένη.

405 975 481 1051 Qua
504 996 538 1038 re
573 996 642 1039 non
678 975 803 1039 mirum
828 981 967 1039 estnon
999 975 1107 1039 solum
1133 974 1377 1058 contagionem,
1403 972 1460 1037 sed

297 1081 396 1146 etiam
422 1082 529 1146 fatum
554 1081 714 1160 adhiberi,
740 1087 777 1146 ut
800 1081 967 1147 mundum
992 1081 1179 1166 simplicem
1202 1086 1234 1145 et
1258 1101 1366 1144 unum
1390 1100 1460 1144 esse

298 1187 552 1253 demonstretur.
600 1188 687 1252 lllud
703 1189 901 1254 videbamus
918 1188 1007 1274 apud
1028 1187 1167 1253 Sextum
1184 1187 1264 1266 fieri,
1290 1187 1353 1252 hoc
1370 1185 1461 1271 apud

298 1295 538 1372 Alexandrum,
565 1296 624 1380 qui
647 1296 682 1360 in
706 1295 790 1361 libro
814 1297 864 1360 De
887 1297 955 1360 fato
980 1317 1005 1360 c.
1033 1296 1074 1359 22
1099 1317 1139 1360 ex
1164 1295 1280 1359 ordine
1305 1301 1338 1359 'et
1361 1293 1459 1359 conti·

298 1403 457 1467 nuatione
481 1423 668 1481 causarum,
694 1425 795 1488 quam
820 1403 956 1488 quidem
983 1402 1200 1490 συμπάθειαν
1223 1402 1370 1467 hocloco
1394 1423 1460 1465 non

298 1509 386 1588 dicit,
411 1509 501 1574 idem
534 1510 667 1594 colligit.
716 1511 851 1575 Etenim
890 1511 936 1575 ita
959 1512 1027 1575 tere
1051 1508 1215 1595 disputat:
1241 1509 1371 1574 Docent
1394 1508 1460 1572 Sto-

296 1616 339 1680 ici
362 1622 469 1681 totum
494 1615 662 1680 mundum
685 1639 793 1682 unum
817 1638 888 1682 esse
912 1623 1013 1703 atque
1037 1617 1151 1680 omnia
1174 1617 1209 1680 in
1234 1638 1268 1681 se
1292 1616 1461 1681 continere

297 1730 330 1788 et
352 1723 422 1808 regi
455 1729 576 1788 natura
608 1722 765 1809 quadam,
800 1745 886 1808 quae
910 1724 988 1801 vita,
1013 1724 1150 1802 ratione,
1176 1730 1287 1788 mente
1312 1721 1462 1808 praedita

300 1831 358 1909 sit;
383 1830 474 1894 hunc
507 1837 620 1895 autem
655 1852 857 1896 consensum
892 1837 992 1917 atque
1027 1831 1191 1896 unitatem
1214 1837 1353 1895 naturae
1378 1829 1462 1894 offici

299 1959 387 2002 nexu
424 1936 571 2022 quodam
607 1944 639 2002 et
670 1937 785 2003 ordine
822 1960 999 2003 causarum
1023 1944 1100 2003 ante
1133 1938 1322 2016 constituto,
1345 1937 1393 2001 ita
1415 1941 1461 2014 ut,

298 2066 383 2129 quae
400 2043 607 2123 antecedant,
625 2066 751 2123 eorum,
769 2067 855 2131 quae
872 2051 1065 2130 sequantur,
1082 2065 1201 2110 causae
1220 2045 1310 2109 fiant.
1352 2044 1462 2120 Quare

298 2151 381 2215 nihil
405 2152 440 2215 in
464 2151 591 2215 mundo
615 2153 696 2231 fieri,
731 2152 821 2237 quod
845 2174 912 2217 non
937 2174 1015 2218 cum
1044 2158 1236 2238 antegressa
1258 2150 1405 2236 quadam
1429 2171 1463 2214 re

297 2259 344 2322 ita
374 2259 416 2323 sit
450 2256 625 2337 conexum,
662 2265 699 2323 ut
735 2259 792 2324 illa
815 2281 916 2325 causa
950 2261 1021 2325 eius
1045 2260 1101 2338 sit;
1126 2281 1236 2345 neque
1276 2257 1463 2343 quidquam

297 2367 399 2444 nasci,
425 2364 516 2451 quod
540 2388 608 2431 non
631 2366 744 2452 ipsum
768 2388 902 2452 quoque
926 2367 1026 2432 aliam
1051 2388 1121 2431 rem
1144 2367 1261 2452 pariat.

240 2472 243 2477 ’
404 2473 515 2548 Quare
546 2470 614 2538 non
650 2473 822 2538 offendent
855 2480 961 2539 cetera
998 2474 1152 2559 exempla
1174 2474 1196 2560 ξ
1218 2475 1239 2538 5
1263 2495 1283 2538 a
1306 2473 1463 2537 Cicerone

298 2579 496 2664 improbata,
522 2601 608 2665 quae
626 2586 704 2644 sunt
728 2579 768 2645 de
785 2581 941 2666 Daphita,
966 2580 1132 2666 Philippo,
1149 2581 1271 2659 Icadi0,
1289 2581 1461 2663 naufrago

299 2685 422 2771 quibus
446 2686 508 2751 hoc
532 2707 710 2751 commune
734 2693 792 2765 est,
817 2687 969 2773 utquod
992 2688 1072 2754 viris
1095 2688 1160 2752 illis
1190 2686 1310 2752 accidit
1332 2686 1481 2752 Posido--

299 2793 375 2858 nius
398 2794 520 2858 referat
543 2793 708 2858 adlatum
734 2794 814 2872 sive,
839 2793 930 2879 quod
954 2794 1001 2858 illi
1024 2794 1115 2860 idem
1131 2796 1228 2873 valet,
1253 2793 1296 2859 ad
1320 2793 1462 2877 contegi·

299 2922 408 2965 onem.
457 2900 623 2985 Daphitae
647 2922 673 2964 e.
701 2923 731 2985 g.
757 2900 838 2966 dicit
853 2901 1053 2967 Posidonius
1069 2903 1177 2966 iatum
1193 2902 1296 2967 fuisse
1321 2923 1362 2966 ex
1378 2921 1463 2985 equo

299 3007 416 3072 cadere
440 3013 540 3092 atque
563 3007 610 3072 ita
633 3008 750 3093 perire,
770 3007 861 3093 quod
878 3031 912 3073 re
936 3031 1016 3074 vera
1032 3010 1188 3088 evenerit,
1207 3030 1285 3074 oum
1309 3031 1326 3073 e
1350 3012 1463 3072 monte

302 3113 460 3199 quodam,
485 3114 539 3178 cui
563 3136 685 3180 nomen
711 3115 811 3179 fuerit
829 3123 987 3200 ‚,equus,“
1013 3116 1067 3181 ille
1083 3117 1316 3202 praecipitarit.
1365 3112 1464 3192 duod

300 3221 328 3284 si
362 3221 607 3285 necessitudine
642 3222 792 3287 evenisse
828 3223 941 3288 Cicero
977 3223 1075 3308 plane
1111 3231 1220 3308 negat,
1256 3245 1325 3287 non
1356 3223 1464 3286 solum

300 3328 534 3412 contagionem
557 3335 589 3393 et
612 3329 719 3392 iatum
743 3328 834 3393 idem
859 3351 929 3394 esse
953 3330 1055 3408 reicit,
1082 3330 1139 3394 sed
1164 3352 1206 3395 ne
1235 3331 1303 3395 lato
1327 3328 1464 3415 quidem

301 3434 455 3519 exempla
477 3435 534 3499 illa
550 3435 748 3520 explicanda
765 3457 835 3501 esse
852 3436 1012 3502 concedit.
1056 3437 1089 3524 (ξ
1112 3441 1131 3501 6
1155 3438 1231 3502 fin:
1258 3435 1370 3517 „Quid
1386 3456 1464 3520 ergo

300 3541 418 3605 attinet
441 3542 548 3606 fatum
571 3542 747 3622 inculcare,
774 3564 852 3608 cum
876 3545 947 3608 sine
970 3525 1038 3609 iate
1070 3545 1153 3609 ratio
1177 3545 1329 3609 omnium
1352 3564 1465 3607 rerum

301 3647 344 3712 ad
366 3654 523 3713 naturam
546 3649 758 3716 fortunamve
782 3651 1011 3738 refe1·atur?“).

407 3754 518 3840 Atque
542 3757 570 3821 si
592 3756 660 3821 iam
684 3757 727 3821 ad
751 3757 978 3844 Chrysippum
1002 3759 1202 3838 accedimus
1232 3781 1333 3846 quem
1357 3779 1377 3822 a
1399 3758 1421 3844 ξ
1446 3757 1463 3820 1

301 3862 475 3947 usquead
501 3865 538 3926 ll
577 3864 716 3950 scriptor
751 3865 882 3944 refutat,
919 3865 1040 3930 iterum
1076 3866 1265 3933 videbimus
1300 3888 1368 3931 non
1396 3866 1465 3929 iam

302 3969 496 4034 Ciceronem
520 3970 549 4034 ei
574 3971 738 4050 assentiri,
757 3971 815 4035 uhi
832 3973 978 4038 actiones
1002 3974 1056 4038 ille
1073 3980 1105 4038 et
1126 3974 1279 4040 ordinem
1295 3972 1463 4059 quendam

302 4097 479 4142 causarum
503 4078 735 4162 contagionem
753 4100 823 4144 esse
842 4079 943 4145 iubet.
992 4080 1056 4146 Sed
1074 4081 1217 4149 breviter
1234 4081 1464 4147 examinemus

301 4204 428 4247 nexum
452 4185 692 4249 sententiarum
715 4185 793 4250 inde
816 4208 836 4250 a
859 4187 881 4273 ξ
905 4188 934 4252 7.

409 4290 569 4376 Contegio
593 4292 696 4377 igitur
712 4300 878 4378 quantum
901 4295 1065 4380 pertineat
1090 4297 1334 4383 perquisiturus
1352 4297 1465 4362 Cicero

303 4397 491 4484 Chrysippo
515 4398 667 4464 concedit
689 4401 835 4464 multum
859 4401 1017 4467 interesse
1033 4403 1119 4468 inter
1143 4406 1291 4469 locorum
1312 4411 1463 4470 naturas:

305 4505 406 4583 „alios
430 4527 500 4570 esse
525 4506 683 4585 salubres,
708 4508 789 4572 alios
813 4509 1025 4594 pestilentes‘
1050 4510 1112 4597 (57
1138 4512 1236 4599 init).
1283 4513 1363 4578 Post
1385 4514 1466 4577 haec

302 4612 405 4682 verba
436 4623 667 4700 exspectamus
698 4618 893 4702 scriptorem
925 4640 1081 4704 pergere:
1113 4620 1180 4698 „im
1197 4621 1269 4687 aliis
1300 4623 1466 4707 procreari
